2586 4214
511 375 661 469 „³331-

128 535 331 616 Giganticidis
354 540 526 618 interempti
549 543 675 620 spiculis

126 624 174 682 Ab
196 624 294 698 hoste,
319 624 416 684 obibit
437 637 534 685 morte
555 630 704 686 communi
725 630 805 691 diem

126 709 211 768 Falis
233 710 272 767 ab
293 709 363 769 altis
385 711 424 768 ad
446 713 576 770 cadaver
595 715 731 773 saucium
1056 715 1092 771 65

128 791 243 869 Corpus
264 795 353 852 ruina
373 814 516 854 cernuum
538 798 569 855 in
591 816 740 877 praeceps
762 821 873 863 ruensr

126 879 167 937 Et
190 886 263 936 tuuc
285 881 416 939 recentis
436 880 497 939 icta
516 901 619 942 amore
643 886 760 960 mortui,

126 963 192 1023 Iam
212 963 375 1041 palpitanti
395 965 533 1043 spiritum
552 968 668 1038 efflabit
689 970 761 1029 viro.

127 1047 252 1126 Duplex
274 1057 358 1107 tuum
377 1051 547 1127 triplexque
569 1053 681 1111 bellum
708 1074 878 1132 conqueror

126 1134 175 1192 Ad
194 1153 279 1191 arma
299 1154 404 1195 rursus
427 1145 457 1193 et
476 1138 601 1214 rapinas
624 1138 754 1214 aedium,
1057 1143 1092 1196 70

128 1218 247 1294 Tuique
271 1227 301 1277 te
321 1220 422 1297 iguem
444 1230 589 1281 contuere
608 1223 750 1284 incendii.
867 1226 1039 1304 [contonat]

127 1303 197 1362 Heu
217 1304 328 1381 patria,
350 1313 380 1362 et
401 1325 457 1364 voa
480 1307 570 1365 busta
589 1309 653 1366 nati
673 1310 838 1369 Atlantidis

127 1389 280 1448 Audacter
298 1390 447 1448 urinantis
471 1391 556 1465 olim,
579 1406 646 1452 cum
669 1403 737 1453 cute

128 1472 205 1535 Suta
223 1475 375 1533 revinctus
398 1494 516 1552 corpus,
539 1486 606 1536 utre
629 1489 761 1553 scorteo,

127 1559 168 1616 Et
189 1560 286 1633 solus,
309 1568 343 1619 ut
362 1579 436 1637 aper
457 1561 630 1640 quadrupes
652 1564 837 1642 Hercynius,
1058 1569 1093 1622 75

127 1643 372 1721 Rhithymniates
391 1647 476 1704 navit
495 1655 529 1704 ut
545 1647 628 1706 larus
647 1649 767 1723 fretum,

128 1730 266 1788 Zerinthi
287 1731 402 1789 hiatum
426 1731 551 1808 virginis
573 1730 723 1791 Canariae

127 1815 296 1890 Linquens,
319 1814 481 1892 Deumque
502 1824 582 1874 tecta
601 1817 812 1877 Lucumunum
836 1817 943 1879 Saum:

129 1898 205 1960 cum
227 1901 388 1983 corruebat
407 1918 525 1959 ornnem
549 1902 672 1960 humum
693 1903 859 1981 Diespitria

126 1986 240 2063 Rapax
262 1986 380 2060 aqualis
403 1987 535 2060 nimbus,
558 1996 587 2045 et
608 1997 711 2063 putres
731 1990 799 2049 solu

127 2071 222 2130 Falae
244 2071 422 2130 fatiscentes
443 2072 599 2146 lababant,
622 2082 654 2131 at
676 2093 773 2151 genus

126 2155 301 2215 Hominum·
316 2157 441 2214 natabat
461 2157 568 2217 ultimo
589 2161 737 2235 periculo.

127 2244 169 2300 At
192 2242 307 2318 fagum,
330 2250 359 2299 et
377 2241 489 2299 almum
511 2244 652 2317 fructum,
675 2255 704 2302 et
722 2263 812 2302 uvam
834 2251 983 2303 musteum

128 2327 288 2401 Orcaeque
309 2334 371 2403 tum
393 2326 575 2403 Delphines,
598 2338 688 2403 atque
712 2328 880 2388 masculum

126 2411 249 2469 Phocae
273 2412 426 2470 esitabant
444 2412 475 2469 in
497 2413 572 2471 toria
594 2414 776 2472 mortalium.

127 2496 227 2556 Adest
246 2497 334 2556 adest
354 2497 407 2554 fax
427 2496 562 2554 involuta
579 2497 717 2555 incendio

127 2582 280 2641 Praedam
302 2581 334 2640 in
355 2581 514 2639 columbae
535 2590 633 2639 morte
656 2581 830 2639 multandae
854 2580 950 2653 canis,

128 2667 240 2725 Vultur
261 2667 405 2742 palustris
428 2685 516 2741 quam
538 2666 631 2723 edidit
653 2675 721 2724 satu
742 2687 798 2726 suo

129 2752 244 2811 Testae
261 2753 407 2810 rotundae
429 2751 619 2809 convolutam
642 2752 769 2810 iomice.

128 2826 180 2896 At'
191 2837 355 2913 hospitalis
375 2837 474 2894 infera
495 2837 576 2894 unda
592 2837 738 2914 remigem

130 2922 177 2980 Te
200 2922 388 2994 muricidam,
412 2941 467 2979 nec
492 2922 654 2980 bucerdam
676 2923 707 2979 in
727 2922 833 2997 patriis

34 3074 38 3081 ⁴
131 3006 236 3067 Caulis
256 3014 431 3084 prementen
453 3007 590 3084 scrupeis
610 3007 707 3064 adhuc
727 3014 840 3079 manet,

130 3092 174 3153 Ut
194 3101 263 3150 ante
279 3091 514 3170 pulchritudinis
532 3092 622 3150 trium
644 3093 803 3150 arbitrum:

132 3177 194 3238 Sed
213 3197 268 3253 pro
293 3176 464 3254 mapalibus
488 3186 520 3235 tu
541 3177 641 3236 Aselli
663 3177 796 3249 mattiae,

130 3263 172 3322 Et
188 3263 257 3320 Lan
282 3263 395 3321 adibis:
417 3280 472 3336 pro
494 3263 583 3320 boum
605 3262 817 3339 praesepibus,

132 3348 344 3423 Ovilibuaque,
364 3365 478 3424 proque
499 3348 612 3405 rustico
633 3348 710 3422 pedo

130 3433 231 3491 Vehet
251 3432 367 3491 faselus
386 3440 417 3490 te
439 3440 468 3489 et
489 3431 640 3489 Phereclii
660 3433 754 3508 pedes

131 3519 256 3579 Featraa
279 3517 437 3596 gemellas,
457 3516 548 3591 inque
569 3514 775 3594 Gythii'iuga,

132 3603 193 3664 Ubi
213 3603 251 3661 ad
272 3603 420 3663 scabrosa
443 3621 519 3662 saxa
538 3602 684 3678 pandatoa
703 3603 791 3662 luens
