2532 4216
664 365 705 425 20

226 537 359 597 Pertusa
382 536 450 594 fuco
474 554 551 610 quos
575 535 699 595 adulant
721 535 852 607 nomina,

229 623 312 697 Quos
334 622 405 679 lena
425 621 509 678 inani
529 621 614 679 fama
639 621 742 679 titillat
764 640 847 679 sono.
951 678 958 685 ,

228 706 389 767 Confectus
412 706 518 778 hostis,
546 726 605 763 non
627 707 795 782 triumphus
818 723 872 781 nos
895 705 987 763 iuvat.

152 844 155 852 .
228 792 360 868 Quidam
384 789 529 851 Sabinum
552 791 721 867 perculisse
743 791 832 849 ludus
856 797 916 849 est:

228 876 323 935 Nulla
343 885 390 936 est
412 875 558 937 Sabinum
581 877 747 953 praeterire
768 875 873 953 gloria,

456 1045 504 1104 tl.
545 1046 592 1103 De
611 1047 677 1105 etilo
698 1055 726 1103 et
746 1046 919 1103 charactere.

229 1130 452 1192 Sententiarum
476 1150 568 1206 quum
588 1130 728 1207 supellex
749 1130 832 1187 lauta
852 1129 902 1201 sit,

230 1215 384 1277 Sermonis
406 1216 514 1292 ingens
535 1216 575 1274 sit
595 1216 680 1292 politi
702 1215 788 1291 copia

228 1301 330 1360 Penes
353 1301 493 1372 Latinos,
517 1319 595 1376 quos
617 1307 752 1360 vetustas
776 1295 890 1356 aurea

230 1385 321 1446 catos
343 1387 502 1463 magistros
526 1385 715 1461 eloquentiae
738 1384 857 1456 extulit,
909 1440 911 1443 ,

230 1472 364 1548 Quorum
388 1489 404 1527 e
427 1471 572 1529 scatebris
595 1469 792 1527 hauriendum
814 1469 854 1528 sit
873 1467 929 1525 tibi

228 1557 399 1614 Verborum
419 1574 556 1626 acumen,
579 1554 750 1613 disserendi
772 1553 956 1611 amoenitas:

230 1641 311 1716 Quid
334 1648 391 1713 est,
415 1640 559 1717 loquendi
580 1639 659 1716 quod
679 1659 791 1698 novum
814 1638 934 1706 modum
956 1655 992 1695 ac
1011 1655 1108 1713 genus

229 1727 342 1784 Incnde
363 1726 453 1785 toties
473 1726 605 1784 fabricas
630 1734 682 1783 tua
701 1724 778 1783 tibi?

229 1812 343 1870 Rerum
367 1812 512 1889 magister
528 1819 559 1868 et
580 1820 726 1886 tyrannus
747 1808 880 1866 omnium

231 1895 388 1956 Sermonis
410 1915 484 1955 usus
508 1895 618 1971 artifex
640 1894 794 1953 vernaculi
819 1902 877 1965 est,

230 1981 292 2056 Qui
312 1988 355 2038 tot
376 1980 529 2055 loquelae,
551 1987 625 2054 quot
643 1999 726 2051 suas,
747 1985 828 2036 rotat
846 1978 939 2036 vices.

228 2069 270 2126 At
292 2065 434 2124 dictionis
458 2065 637 2142 splendidae
657 2065 797 2140 peritiam

229 2151 329 2209 Latiis
351 2150 495 2207 librorum
516 2149 668 2208 conditam
690 2149 721 2206 in
743 2147 886 2206 sacrariis

230 2235 302 2293 Non
328 2234 426 2294 sancit
447 2254 532 2307 usus,
555 2234 608 2292 sed
631 2241 751 2292 vetusta
776 2233 937 2292 auctoritas

229 2319 336 2378 Virum
357 2320 485 2377 Latinae
507 2319 678 2396 principum
700 2318 901 2393 eloquentiae.

231 2405 292 2465 Sed
315 2405 450 2463 insolens
472 2405 552 2463 hunc
564 2404 679 2461 rancidi
689 2404 765 2464 situs
785 2423 885 2480 sapor,
928 2402 1101 2478 [Pulmeriue
1118 2398 1143 2474 1]

230 2491 305 2549 Utut
316 2489 466 2567 loquatur,
477 2490 660 2548 invidentem
677 2489 816 2566 intelligi,
839 2488 1024 2564 [Scaeaepp.
1035 2484 1144 2560 1111]

231 2576 452 2650 Morositasque
474 2576 574 2652 pascit
595 2575 696 2635 insani
720 2575 792 2646 stili,
823 2566 825 2570 ’

157 2694 162 2697 „
230 2659 380 2719 Promens
405 2661 442 2717 ab
465 2661 526 2717 ima
548 2662 641 2722 verba
662 2678 752 2717 casca
775 2659 900 2736 origine,

231 2745 292 2802 Vix
313 2744 362 2802 vel
382 2743 524 2821 Cethegis
546 2764 641 2821 gnara
662 2744 803 2803 cinctutis
824 2744 919 2820 prius.

230 2829 379 2888 Diversus
400 2830 478 2887 alius
499 2830 579 2888 bivio
599 2832 637 2888 ab
660 2831 716 2887 hoc
735 2831 859 2887 flectens
881 2828 948 2899 iter,

231 2915 380 2972 Inusitata
402 2916 472 2973 dum
495 2915 590 2987 timet,
615 2915 720 2974 sordes
744 2922 834 2971 amat.
991 2909 1144 2985 [1111113]

230 3002 272 3058 At
294 2999 346 3057 ille
369 3008 451 3059 totus
476 3001 579 3077 pellis,
602 3008 631 3057 et
652 3007 734 3057 totus
757 3017 882 3069 maeror,
1072 3068 1073 3071 Ἴ

229 3088 334 3143 Arena
353 3087 467 3143 calcem
489 3106 551 3143 non
576 3085 704 3156 habens,
726 3103 825 3161 nugae
847 3099 959 3153 merae,
1010 3078 1143 3155 [Sueten.

231 3170 382 3228 Inanitate
406 3171 526 3246 plenus,
552 3179 582 3228 et
605 3177 688 3226 satur
708 3167 789 3227 fame
986 3162 1077 3241 (71119.
1088 3164 1143 3238 53]

231 3254 339 3312 Ieiuna
361 3257 454 3314 verba
475 3257 566 3313 tinnit
585 3253 660 3311 exili
685 3271 766 3311 sono.

230 3339 368 3398 Pruritus
386 3341 478 3398 alium
500 3339 597 3416 tangit
617 3337 730 3395 urticae
753 3354 862 3408 novae,
968 3400 970 3406 A

230 3424 371 3482 Licenter
391 3425 491 3482 audax
515 3432 545 3482 et
561 3422 668 3500 procul
689 3423 819 3481 traletio.

232 3509 364 3586 Teporis
385 3509 438 3567 ille
459 3517 489 3567 et
509 3507 698 3566 lentitudinis
720 3516 802 3566 metu

231 3594 394 3653 Profundit
414 3612 484 3652 acer
505 3594 647 3654 entheato
670 3593 778 3670 spiritu
