<?xml version="1.0" encoding="UTF-8"?>
<!DOCTYPE html PUBLIC "-//W3C//DTD XHTML 1.0 Transitional//EN"
    "http://www.w3.org/TR/xhtml1/DTD/xhtml1-transitional.dtd">
<html xmlns="http://www.w3.org/1999/xhtml" xml:lang="en" lang="en">
 <head>
  <title>
</title>
<meta http-equiv="Content-Type" content="text/html;charset=utf-8" />
  <meta name='ocr-system' content='tesseract 3.04.00' />
  <meta name='ocr-capabilities' content='ocr_page ocr_carea ocr_par ocr_line ocrx_word'/>
</head>
<body>
  <div class='ocr_page' id='page_1' title='image "./iosephiscaliger01scalgoog_0089.png"; bbox 0 0 2532 4216; ppageno 0'>
   <div class='ocr_carea' id='block_1_1' title="bbox 617 358 770 453">
    <p class='ocr_par' dir='ltr' id='par_1_1' title="bbox 617 358 770 453">
     <span class='ocr_line' id='line_1_1' title="bbox 617 358 770 453; baseline 0 -35"><span class='ocrx_word' id='word_1_1' title='bbox 617 358 770 453; x_wconf 36' lang='lat' dir='ltr'>—e—s„</span> 
     </span>
    </p>
   </div>
   <div class='ocr_carea' id='block_1_2' title="bbox 238 527 1164 1540">
    <p class='ocr_par' dir='ltr' id='par_1_2' title="bbox 239 527 1062 767">
     <span class='ocr_line' id='line_1_2' title="bbox 240 527 1004 603; baseline 0.005 -18"><span class='ocrx_word' id='word_1_2' title='bbox 240 527 385 599; x_wconf 73' lang='lat' dir='ltr'>(lectibus</span> <span class='ocrx_word' id='word_1_3' title='bbox 402 527 534 595; x_wconf 83' lang='lat' dir='ltr'>inseruit</span> <span class='ocrx_word' id='word_1_4' title='bbox 551 527 662 603; x_wconf 87' lang='lat' dir='ltr'>pietas,</span> <span class='ocrx_word' id='word_1_5' title='bbox 684 527 829 602; x_wconf 87' lang='lat' dir='ltr'>caeloque</span> <span class='ocrx_word' id='word_1_6' title='bbox 849 528 1004 590; x_wconf 67' lang='lat' dir='ltr'>frouncmz</span> 
     </span>
     <span class='ocr_line' id='line_1_3' title="bbox 239 612 1062 683; baseline 0.002 -10"><span class='ocrx_word' id='word_1_7' title='bbox 239 614 329 673; x_wconf 90' lang='lat' dir='ltr'>Hunc</span> <span class='ocrx_word' id='word_1_8' title='bbox 350 631 490 681; x_wconf 79' lang='lat' dir='ltr'>summes·</span> <span class='ocrx_word' id='word_1_9' title='bbox 506 612 653 679; x_wconf 82' lang='lat' dir='ltr'>meritum¹</span> <span class='ocrx_word' id='word_1_10' title='bbox 667 612 790 673; x_wconf 86' lang='lat' dir='ltr'>virtutis</span> <span class='ocrx_word' id='word_1_11' title='bbox 808 613 930 675; x_wconf 87' lang='lat' dir='ltr'>nemine</span> <span class='ocrx_word' id='word_1_12' title='bbox 950 616 1062 683; x_wconf 77' lang='lat' dir='ltr'>fascem</span> 
     </span>
     <span class='ocr_line' id='line_1_4' title="bbox 239 695 922 767; baseline 0 -10"><span class='ocrx_word' id='word_1_13' title='bbox 239 699 322 757; x_wconf 90' lang='lat' dir='ltr'>Inter</span> <span class='ocrx_word' id='word_1_14' title='bbox 343 699 510 767; x_wconf 69' lang='lat' dir='ltr'>benenatus</span> <span class='ocrx_word' id='word_1_15' title='bbox 530 697 668 761; x_wconf 76' lang='lat' dir='ltr'>admittat</span> <span class='ocrx_word' id='word_1_16' title='bbox 689 695 782 763; x_wconf 83' lang='lat' dir='ltr'>Curia</span> <span class='ocrx_word' id='word_1_17' title='bbox 803 697 922 759; x_wconf 85' lang='lat' dir='ltr'>Patres.</span> 
     </span>
    </p>

    <p class='ocr_par' dir='ltr' id='par_1_3' title="bbox 239 783 886 856">
     <span class='ocr_line' id='line_1_5' title="bbox 239 783 886 856; baseline -0.002 -14"><span class='ocrx_word' id='word_1_18' title='bbox 239 783 362 842; x_wconf 88' lang='lat' dir='ltr'>Iuridici</span> <span class='ocrx_word' id='word_1_19' title='bbox 383 790 484 845; x_wconf 82' lang='lat' dir='ltr'>coetus</span> <span class='ocrx_word' id='word_1_20' title='bbox 508 783 633 843; x_wconf 86' lang='lat' dir='ltr'>secretis</span> <span class='ocrx_word' id='word_1_21' title='bbox 657 783 775 841; x_wconf 89' lang='lat' dir='ltr'>actibus</span> <span class='ocrx_word' id='word_1_22' title='bbox 795 783 886 856; x_wconf 77' lang='lat' dir='ltr'>adsis,</span> 
     </span>
    </p>

    <p class='ocr_par' dir='ltr' id='par_1_4' title="bbox 239 866 945 933">
     <span class='ocr_line' id='line_1_6' title="bbox 239 866 945 933; baseline 0.006 -7"><span class='ocrx_word' id='word_1_23' title='bbox 239 868 275 926; x_wconf 90' lang='lat' dir='ltr'>In</span> <span class='ocrx_word' id='word_1_24' title='bbox 294 868 394 926; x_wconf 83' lang='lat' dir='ltr'>medio</span> <span class='ocrx_word' id='word_1_25' title='bbox 416 867 513 933; x_wconf 71' lang='lat' dir='ltr'>faciat,</span> <span class='ocrx_word' id='word_1_26' title='bbox 529 867 677 927; x_wconf 85' lang='lat' dir='ltr'>facundus</span> <span class='ocrx_word' id='word_1_27' title='bbox 698 869 791 927; x_wconf 84' lang='lat' dir='ltr'>verba</span> <span class='ocrx_word' id='word_1_28' title='bbox 811 866 945 929; x_wconf 79' lang='lat' dir='ltr'><strong>Senatu..</strong></span> 
     </span>
    </p>

    <p class='ocr_par' dir='ltr' id='par_1_5' title="bbox 238 952 1164 1287">
     <span class='ocr_line' id='line_1_7' title="bbox 239 952 969 1029; baseline 0.003 -18"><span class='ocrx_word' id='word_1_29' title='bbox 239 952 342 1013; x_wconf 87' lang='lat' dir='ltr'>Nullis</span> <span class='ocrx_word' id='word_1_30' title='bbox 365 952 516 1021; x_wconf 72' lang='lat' dir='ltr'>occulitur»</span> <span class='ocrx_word' id='word_1_31' title='bbox 532 953 632 1017; x_wconf 79' lang='lat' dir='ltr'>uirtus·</span> <span class='ocrx_word' id='word_1_32' title='bbox 650 971 803 1029; x_wconf 84' lang='lat' dir='ltr'>generosa</span> <span class='ocrx_word' id='word_1_33' title='bbox 822 953 969 1025; x_wconf 87' lang='lat' dir='ltr'>tenebris,</span> 
     </span>
     <span class='ocr_line' id='line_1_8' title="bbox 239 1036 1107 1116; baseline 0 -17"><span class='ocrx_word' id='word_1_34' title='bbox 239 1037 445 1116; x_wconf 74' lang='lat' dir='ltr'>Conspicuam</span> <span class='ocrx_word' id='word_1_35' title='bbox 467 1037 609 1111; x_wconf 77' lang='lat' dir='ltr'>fundens,</span> <span class='ocrx_word' id='word_1_36' title='bbox 631 1038 753 1099; x_wconf 79' lang='lat' dir='ltr'>Pharna</span> <span class='ocrx_word' id='word_1_37' title='bbox 772 1045 805 1094; x_wconf 91' lang='lat' dir='ltr'>ut</span> <span class='ocrx_word' id='word_1_38' title='bbox 826 1036 974 1111; x_wconf 82' lang='lat' dir='ltr'>Nilotica,</span> <span class='ocrx_word' id='word_1_39' title='bbox 995 1040 1107 1099; x_wconf 81' lang='lat' dir='ltr'>lumem</span> 
     </span>
     <span class='ocr_line' id='line_1_9' title="bbox 238 1122 1164 1200; baseline 0 -17"><span class='ocrx_word' id='word_1_40' title='bbox 238 1124 306 1183; x_wconf 87' lang='lat' dir='ltr'>Nec</span> <span class='ocrx_word' id='word_1_41' title='bbox 327 1124 495 1194; x_wconf 79' lang='lat' dir='ltr'>Puteanus,</span> <span class='ocrx_word' id='word_1_42' title='bbox 521 1142 609 1199; x_wconf 90' lang='lat' dir='ltr'>opem</span> <span class='ocrx_word' id='word_1_43' title='bbox 632 1141 731 1198; x_wconf 87' lang='lat' dir='ltr'>quum.</span> <span class='ocrx_word' id='word_1_44' title='bbox 743 1122 832 1197; x_wconf 80' lang='lat' dir='ltr'>lapte</span> <span class='ocrx_word' id='word_1_45' title='bbox 852 1124 976 1200; x_wconf 80' lang='lat' dir='ltr'>negotia</span> <span class='ocrx_word' id='word_1_46' title='bbox 994 1131 1164 1200; x_wconf 62' lang='lat' dir='ltr'>quaerent„</span> 
     </span>
     <span class='ocr_line' id='line_1_10' title="bbox 238 1207 978 1287; baseline -0.001 -20"><span class='ocrx_word' id='word_1_47' title='bbox 238 1210 401 1287; x_wconf 65' lang='lat' dir='ltr'>Ignoratis</span> <span class='ocrx_word' id='word_1_48' title='bbox 421 1207 492 1277; x_wconf 77' lang='lat' dir='ltr'>erit3</span> <span class='ocrx_word' id='word_1_49' title='bbox 518 1207 617 1267; x_wconf 86' lang='lat' dir='ltr'>dubiis</span> <span class='ocrx_word' id='word_1_50' title='bbox 640 1226 719 1267; x_wconf 57' lang='lat' dir='ltr'>nami</span> <span class='ocrx_word' id='word_1_51' title='bbox 731 1207 872 1283; x_wconf 87' lang='lat' dir='ltr'>protinus</span> <span class='ocrx_word' id='word_1_52' title='bbox 893 1207 978 1266; x_wconf 87' lang='lat' dir='ltr'>illum</span> 
     </span>
    </p>

    <p class='ocr_par' dir='ltr' id='par_1_6' title="bbox 238 1292 1054 1540">
     <span class='ocr_line' id='line_1_11' title="bbox 238 1292 999 1368; baseline 0 -15"><span class='ocrx_word' id='word_1_53' title='bbox 238 1294 344 1361; x_wconf 77' lang='lat' dir='ltr'>Rebas</span> <span class='ocrx_word' id='word_1_54' title='bbox 363 1292 654 1368; x_wconf 77' lang='lat' dir='ltr'>Aquitanaegentis</span> <span class='ocrx_word' id='word_1_55' title='bbox 679 1292 717 1351; x_wconf 87' lang='lat' dir='ltr'>ad</span> <span class='ocrx_word' id='word_1_56' title='bbox 736 1292 806 1349; x_wconf 87' lang='lat' dir='ltr'>iura</span> <span class='ocrx_word' id='word_1_57' title='bbox 825 1302 999 1368; x_wconf 75' lang='lat' dir='ltr'>reposcent:</span> 
     </span>
     <span class='ocr_line' id='line_1_12' title="bbox 239 1376 1054 1453; baseline 0.004 -16"><span class='ocrx_word' id='word_1_58' title='bbox 239 1377 337 1452; x_wconf 80' lang='lat' dir='ltr'>Quum</span> <span class='ocrx_word' id='word_1_59' title='bbox 359 1376 432 1435; x_wconf 89' lang='lat' dir='ltr'>lecti</span> <span class='ocrx_word' id='word_1_60' title='bbox 451 1376 597 1437; x_wconf 84' lang='lat' dir='ltr'>Proceres</span> <span class='ocrx_word' id='word_1_61' title='bbox 622 1376 743 1453; x_wconf 80' lang='lat' dir='ltr'>augusti</span> <span class='ocrx_word' id='word_1_62' title='bbox 764 1378 900 1434; x_wconf 87' lang='lat' dir='ltr'>membre</span> <span class='ocrx_word' id='word_1_63' title='bbox 922 1377 1054 1440; x_wconf 87' lang='lat' dir='ltr'>Senatus</span> 
     </span>
     <span class='ocr_line' id='line_1_13' title="bbox 238 1461 902 1540; baseline -0.003 -19"><span class='ocrx_word' id='word_1_64' title='bbox 238 1462 340 1540; x_wconf 80' lang='lat' dir='ltr'>Exciti</span> <span class='ocrx_word' id='word_1_65' title='bbox 358 1461 499 1523; x_wconf 85' lang='lat' dir='ltr'>lacrimis</span> <span class='ocrx_word' id='word_1_66' title='bbox 514 1461 751 1536; x_wconf 84' lang='lat' dir='ltr'>afflictorumque</span> <span class='ocrx_word' id='word_1_67' title='bbox 771 1462 902 1534; x_wconf 81' lang='lat' dir='ltr'>querelis</span> 
     </span>
    </p>
   </div>
   <div class='ocr_carea' id='block_1_3' title="bbox 147 1545 1013 1623">
    <p class='ocr_par' dir='ltr' id='par_1_7' title="bbox 147 1545 1013 1623">
     <span class='ocr_line' id='line_1_14' title="bbox 147 1545 1013 1623; baseline -0.002 -17"><span class='ocrx_word' id='word_1_68' title='bbox 147 1618 149 1622; x_wconf 19' lang='grc' dir='ltr'>ι</span> <span class='ocrx_word' id='word_1_69' title='bbox 239 1548 416 1623; x_wconf 84' lang='lat' dir='ltr'>Incorrupta</span> <span class='ocrx_word' id='word_1_70' title='bbox 436 1546 548 1613; x_wconf 85' lang='lat' dir='ltr'>dabunt</span> <span class='ocrx_word' id='word_1_71' title='bbox 570 1565 729 1622; x_wconf 81' lang='lat' dir='ltr'>oppresso</span> <span class='ocrx_word' id='word_1_72' title='bbox 742 1546 809 1603; x_wconf 86' lang='lat' dir='ltr'>iura</span> <span class='ocrx_word' id='word_1_73' title='bbox 828 1545 1013 1622; x_wconf 72' lang='lat' dir='ltr'>Garumnae,</span> 
     </span>
    </p>
   </div>
   <div class='ocr_carea' id='block_1_4' title="bbox 238 1630 1000 2044">
    <p class='ocr_par' dir='ltr' id='par_1_8' title="bbox 239 1630 896 1709">
     <span class='ocr_line' id='line_1_15' title="bbox 239 1630 896 1709; baseline 0 -18"><span class='ocrx_word' id='word_1_74' title='bbox 239 1632 349 1699; x_wconf 65' lang='lat' dir='ltr'>Mollia,</span> <span class='ocrx_word' id='word_1_75' title='bbox 364 1639 561 1709; x_wconf 75' lang='lat' dir='ltr'>praestantes·</span> <span class='ocrx_word' id='word_1_76' title='bbox 577 1633 693 1697; x_wconf 77' lang='lat' dir='ltr'>securis</span> <span class='ocrx_word' id='word_1_77' title='bbox 714 1630 777 1689; x_wconf 88' lang='lat' dir='ltr'>otia</span> <span class='ocrx_word' id='word_1_78' title='bbox 797 1631 896 1695; x_wconf 83' lang='lat' dir='ltr'>terris.</span> 
     </span>
    </p>

    <p class='ocr_par' dir='ltr' id='par_1_9' title="bbox 238 1716 1000 2044">
     <span class='ocr_line' id='line_1_16' title="bbox 238 1716 935 1794; baseline -0.001 -15"><span class='ocrx_word' id='word_1_79' title='bbox 238 1721 297 1779; x_wconf 84' lang='lat' dir='ltr'>Aet</span> <span class='ocrx_word' id='word_1_80' title='bbox 318 1719 380 1781; x_wconf 81' lang='lat' dir='ltr'>hoa</span> <span class='ocrx_word' id='word_1_81' title='bbox 395 1717 514 1794; x_wconf 81' lang='lat' dir='ltr'><strong>pacatis</strong></span> <span class='ocrx_word' id='word_1_82' title='bbox 536 1716 829 1793; x_wconf 79' lang='lat' dir='ltr'>repetentespetria.</span> <span class='ocrx_word' id='word_1_83' title='bbox 844 1717 935 1777; x_wconf 81' lang='lat' dir='ltr'>rebus</span> 
     </span>
     <span class='ocr_line' id='line_1_17' title="bbox 239 1801 890 1879; baseline -0.009 -16"><span class='ocrx_word' id='word_1_84' title='bbox 239 1803 363 1863; x_wconf 90' lang='lat' dir='ltr'>Moenia</span> <span class='ocrx_word' id='word_1_85' title='bbox 383 1802 488 1861; x_wconf 87' lang='lat' dir='ltr'>feralis</span> <span class='ocrx_word' id='word_1_86' title='bbox 509 1809 681 1879; x_wconf 83' lang='lat' dir='ltr'>tempestas</span> <span class='ocrx_word' id='word_1_87' title='bbox 700 1801 796 1876; x_wconf 84' lang='lat' dir='ltr'>civica</span> <span class='ocrx_word' id='word_1_88' title='bbox 817 1801 890 1861; x_wconf 87' lang='lat' dir='ltr'>belli</span> 
     </span>
     <span class='ocr_line' id='line_1_18' title="bbox 238 1885 946 1964; baseline -0.007 -15"><span class='ocrx_word' id='word_1_89' title='bbox 238 1888 391 1964; x_wconf 81' lang='lat' dir='ltr'>Excipiet.</span> <span class='ocrx_word' id='word_1_90' title='bbox 414 1886 553 1960; x_wconf 82' lang='lat' dir='ltr'>Quantis</span> <span class='ocrx_word' id='word_1_91' title='bbox 566 1887 697 1947; x_wconf 86' lang='lat' dir='ltr'>iactatos</span> <span class='ocrx_word' id='word_1_92' title='bbox 715 1886 770 1945; x_wconf 89' lang='lat' dir='ltr'>illa</span> <span class='ocrx_word' id='word_1_93' title='bbox 792 1885 946 1963; x_wconf 83' lang='lat' dir='ltr'>procellis-</span> 
     </span>
     <span class='ocr_line' id='line_1_19' title="bbox 239 1970 1000 2044; baseline -0.007 -11"><span class='ocrx_word' id='word_1_94' title='bbox 239 1975 357 2033; x_wconf 89' lang='lat' dir='ltr'>Heroas</span> <span class='ocrx_word' id='word_1_95' title='bbox 380 1989 516 2031; x_wconf 87' lang='lat' dir='ltr'>summos</span> <span class='ocrx_word' id='word_1_96' title='bbox 539 1972 625 2029; x_wconf 87' lang='lat' dir='ltr'>varia</span> <span class='ocrx_word' id='word_1_97' title='bbox 644 1972 676 2031; x_wconf 88' lang='lat' dir='ltr'>in</span> <span class='ocrx_word' id='word_1_98' title='bbox 698 1970 874 2029; x_wconf 88' lang='lat' dir='ltr'>discrimina</span> <span class='ocrx_word' id='word_1_99' title='bbox 894 1970 1000 2044; x_wconf 87' lang='lat' dir='ltr'>mittet,</span> 
     </span>
    </p>
   </div>
   <div class='ocr_carea' id='block_1_5' title="bbox 127 2053 1118 2132">
    <p class='ocr_par' dir='ltr' id='par_1_10' title="bbox 127 2053 1118 2132">
     <span class='ocr_line' id='line_1_20' title="bbox 127 2053 1118 2132; baseline -0.009 -12"><span class='ocrx_word' id='word_1_100' title='bbox 127 2074 129 2081; x_wconf 83' lang='grc'><strong>“</strong></span> <span class='ocrx_word' id='word_1_101' title='bbox 233 2058 375 2132; x_wconf 77' lang='lat' dir='ltr'>Quorum</span> <span class='ocrx_word' id='word_1_102' title='bbox 396 2074 465 2131; x_wconf 88' lang='lat' dir='ltr'>pars</span> <span class='ocrx_word' id='word_1_103' title='bbox 487 2055 642 2121; x_wconf 76' lang='lat' dir='ltr'><strong>Puteanus</strong></span> <span class='ocrx_word' id='word_1_104' title='bbox 664 2055 741 2113; x_wconf 81' lang='lat' dir='ltr'>erit?</span> <span class='ocrx_word' id='word_1_105' title='bbox 763 2053 842 2127; x_wconf 79' lang='lat' dir='ltr'>Quid</span> <span class='ocrx_word' id='word_1_106' title='bbox 864 2063 984 2115; x_wconf 88' lang='lat' dir='ltr'>caetera</span> <span class='ocrx_word' id='word_1_107' title='bbox 1002 2075 1118 2132; x_wconf 15' lang='lat' dir='ltr'>porra!</span> 
     </span>
    </p>
   </div>
   <div class='ocr_carea' id='block_1_6' title="bbox 239 2140 1249 3665">
    <p class='ocr_par' dir='ltr' id='par_1_11' title="bbox 239 2140 1249 2642">
     <span class='ocr_line' id='line_1_21' title="bbox 239 2140 1035 2218; baseline -0.004 -16"><span class='ocrx_word' id='word_1_108' title='bbox 239 2140 430 2218; x_wconf 81' lang='lat' dir='ltr'>Persequar?</span> <span class='ocrx_word' id='word_1_109' title='bbox 451 2148 507 2201; x_wconf 89' lang='lat' dir='ltr'>aut</span> <span class='ocrx_word' id='word_1_110' title='bbox 515 2140 618 2216; x_wconf 86' lang='lat' dir='ltr'>potius</span> <span class='ocrx_word' id='word_1_111' title='bbox 638 2158 690 2197; x_wconf 81' lang='lat' dir='ltr'>cur</span> <span class='ocrx_word' id='word_1_112' title='bbox 711 2140 789 2197; x_wconf 81' lang='lat' dir='ltr'>faeta</span> <span class='ocrx_word' id='word_1_113' title='bbox 811 2141 871 2198; x_wconf 89' lang='lat' dir='ltr'>fine</span> <span class='ocrx_word' id='word_1_114' title='bbox 893 2140 1035 2215; x_wconf 78' lang='lat' dir='ltr'>quiesco?</span> 
     </span>
     <span class='ocr_line' id='line_1_22' title="bbox 239 2224 1130 2304; baseline -0.003 -17"><span class='ocrx_word' id='word_1_115' title='bbox 239 2228 334 2287; x_wconf 87' lang='lat' dir='ltr'>Plura</span> <span class='ocrx_word' id='word_1_116' title='bbox 352 2226 460 2287; x_wconf 86' lang='lat' dir='ltr'>Deam.</span> <span class='ocrx_word' id='word_1_117' title='bbox 472 2244 641 2285; x_wconf 88' lang='lat' dir='ltr'>memorare</span> <span class='ocrx_word' id='word_1_118' title='bbox 662 2224 788 2301; x_wconf 79' lang='lat' dir='ltr'>(etenim</span> <span class='ocrx_word' id='word_1_119' title='bbox 812 2244 978 2285; x_wconf 87' lang='lat' dir='ltr'>memorare</span> <span class='ocrx_word' id='word_1_120' title='bbox 999 2225 1130 2304; x_wconf 89' lang='lat' dir='ltr'>libebat)</span> 
     </span>
     <span class='ocr_line' id='line_1_23' title="bbox 239 2310 1005 2383; baseline -0.008 -10"><span class='ocrx_word' id='word_1_121' title='bbox 239 2313 281 2373; x_wconf 81' lang='lat' dir='ltr'>Et</span> <span class='ocrx_word' id='word_1_122' title='bbox 300 2311 399 2383; x_wconf 86' lang='lat' dir='ltr'>dolor,</span> <span class='ocrx_word' id='word_1_123' title='bbox 422 2319 452 2368; x_wconf 91' lang='lat' dir='ltr'>et</span> <span class='ocrx_word' id='word_1_124' title='bbox 473 2311 557 2371; x_wconf 87' lang='lat' dir='ltr'>taciti</span> <span class='ocrx_word' id='word_1_125' title='bbox 574 2310 669 2368; x_wconf 87' lang='lat' dir='ltr'>vetuit</span> <span class='ocrx_word' id='word_1_126' title='bbox 689 2328 774 2368; x_wconf 90' lang='lat' dir='ltr'>mens</span> <span class='ocrx_word' id='word_1_127' title='bbox 798 2312 919 2370; x_wconf 87' lang='lat' dir='ltr'>conscia</span> <span class='ocrx_word' id='word_1_128' title='bbox 940 2311 1005 2371; x_wconf 85' lang='lat' dir='ltr'>fati.</span> 
     </span>
     <span class='ocr_line' id='line_1_24' title="bbox 240 2395 1249 2473; baseline -0.004 -17"><span class='ocrx_word' id='word_1_129' title='bbox 240 2401 425 2495; x_wconf 83' lang='lat' dir='ltr'>Mequoquc,</span> <span class='ocrx_word' id='word_1_130' title='bbox 435 2395 1150 2472; x_wconf 82' lang='lat' dir='ltr'>quammeritumgrande,etreverentiamornm,</span> <span class='ocrx_word' id='word_1_131' title='bbox 1248 2402 1249 2459; x_wconf 78' lang='lat' dir='ltr'>l</span> 
     </span>
     <span class='ocr_line' id='line_1_25' title="bbox 240 2480 989 2558; baseline -0.007 -14"><span class='ocrx_word' id='word_1_132' title='bbox 240 2487 338 2558; x_wconf 88' lang='lat' dir='ltr'>Atque</span> <span class='ocrx_word' id='word_1_133' title='bbox 360 2482 417 2541; x_wconf 87' lang='lat' dir='ltr'>viri</span> <span class='ocrx_word' id='word_1_134' title='bbox 437 2482 532 2543; x_wconf 85' lang='lat' dir='ltr'>virtus</span> <span class='ocrx_word' id='word_1_135' title='bbox 554 2481 611 2539; x_wconf 89' lang='lat' dir='ltr'>huc</span> <span class='ocrx_word' id='word_1_136' title='bbox 630 2480 801 2557; x_wconf 86' lang='lat' dir='ltr'>perduxere</span> <span class='ocrx_word' id='word_1_137' title='bbox 821 2489 989 2553; x_wconf 76' lang='lat' dir='ltr'>canentem,</span> 
     </span>
     <span class='ocr_line' id='line_1_26' title="bbox 240 2565 1122 2642; baseline -0.001 -14"><span class='ocrx_word' id='word_1_138' title='bbox 240 2568 302 2628; x_wconf 90' lang='lat' dir='ltr'>Hei</span> <span class='ocrx_word' id='word_1_139' title='bbox 324 2566 408 2638; x_wconf 86' lang='lat' dir='ltr'>mihi,</span> <span class='ocrx_word' id='word_1_140' title='bbox 430 2586 519 2641; x_wconf 84' lang='lat' dir='ltr'>quum</span> <span class='ocrx_word' id='word_1_141' title='bbox 541 2567 689 2627; x_wconf 89' lang='lat' dir='ltr'>morbum</span> <span class='ocrx_word' id='word_1_142' title='bbox 702 2584 902 2642; x_wconf 73' lang='lat' dir='ltr'>supremaque</span> <span class='ocrx_word' id='word_1_143' title='bbox 923 2565 1024 2642; x_wconf 80' lang='lat' dir='ltr'>cogito</span> <span class='ocrx_word' id='word_1_144' title='bbox 1047 2566 1122 2641; x_wconf 84' lang='lat' dir='ltr'>fata,</span> 
     </span>
    </p>

    <p class='ocr_par' dir='ltr' id='par_1_12' title="bbox 240 2588 1249 2813">
     <span class='ocr_line' id='line_1_27' title="bbox 240 2649 1006 2727; baseline -0.005 -14"><span class='ocrx_word' id='word_1_145' title='bbox 240 2653 302 2715; x_wconf 91' lang='lat' dir='ltr'>Hei</span> <span class='ocrx_word' id='word_1_146' title='bbox 324 2651 414 2721; x_wconf 84' lang='lat' dir='ltr'>mihi3</span> <span class='ocrx_word' id='word_1_147' title='bbox 434 2651 622 2709; x_wconf 87' lang='lat' dir='ltr'>deficiunt</span> <span class='ocrx_word' id='word_1_148' title='bbox 595 2670 684 2719; x_wconf 65' lang='lat' dir='ltr'>uires,</span> <span class='ocrx_word' id='word_1_149' title='bbox 712 2649 778 2709; x_wconf 90' lang='lat' dir='ltr'>Nec</span> <span class='ocrx_word' id='word_1_150' title='bbox 799 2650 887 2727; x_wconf 88' lang='lat' dir='ltr'>plura</span> <span class='ocrx_word' id='word_1_151' title='bbox 906 2651 1006 2709; x_wconf 89' lang='lat' dir='ltr'>locuta</span> 
     </span>
     <span class='ocr_line' id='line_1_28' title="bbox 240 2735 1093 2813; baseline 0.004 -19"><span class='ocrx_word' id='word_1_152' title='bbox 240 2737 444 2812; x_wconf 83' lang='lat' dir='ltr'>Melpomene,</span> <span class='ocrx_word' id='word_1_153' title='bbox 465 2735 658 2813; x_wconf 80' lang='lat' dir='ltr'>lacrimisque</span> <span class='ocrx_word' id='word_1_154' title='bbox 678 2753 773 2813; x_wconf 83' lang='lat' dir='ltr'>genas</span> <span class='ocrx_word' id='word_1_155' title='bbox 796 2735 921 2813; x_wconf 89' lang='lat' dir='ltr'>oppleta</span> <span class='ocrx_word' id='word_1_156' title='bbox 940 2743 1093 2801; x_wconf 81' lang='lat' dir='ltr'>tumentes</span> 
     </span>
    </p>

    <p class='ocr_par' dir='ltr' id='par_1_13' title="bbox 240 2776 1249 2986">
     <span class='ocr_line' id='line_1_29' title="bbox 240 2821 937 2894; baseline -0.004 -11"><span class='ocrx_word' id='word_1_157' title='bbox 240 2822 362 2894; x_wconf 82' lang='lat' dir='ltr'>Haesit,</span> <span class='ocrx_word' id='word_1_158' title='bbox 389 2828 419 2878; x_wconf 90' lang='lat' dir='ltr'>et</span> <span class='ocrx_word' id='word_1_159' title='bbox 441 2821 531 2880; x_wconf 83' lang='lat' dir='ltr'>effusi</span> <span class='ocrx_word' id='word_1_160' title='bbox 553 2822 701 2881; x_wconf 85' lang='lat' dir='ltr'>contraxit</span> <span class='ocrx_word' id='word_1_161' title='bbox 722 2821 792 2877; x_wconf 83' lang='lat' dir='ltr'>vela</span> <span class='ocrx_word' id='word_1_162' title='bbox 811 2821 937 2883; x_wconf 84' lang='lat' dir='ltr'>doloris</span> 
     </span>
     <span class='ocr_line' id='line_1_30' title="bbox 243 2905 1016 2986; baseline -0.009 -18"><span class='ocrx_word' id='word_1_163' title='bbox 243 2908 430 2986; x_wconf 83' lang='lat' dir='ltr'>Cupressum</span> <span class='ocrx_word' id='word_1_164' title='bbox 450 2906 548 2966; x_wconf 88' lang='lat' dir='ltr'>crines</span> <span class='ocrx_word' id='word_1_165' title='bbox 571 2907 679 2967; x_wconf 88' lang='lat' dir='ltr'>iterum</span> <span class='ocrx_word' id='word_1_166' title='bbox 701 2924 757 2980; x_wconf 90' lang='lat' dir='ltr'>pro</span> <span class='ocrx_word' id='word_1_167' title='bbox 780 2905 896 2983; x_wconf 81' lang='lat' dir='ltr'>virgine</span> <span class='ocrx_word' id='word_1_168' title='bbox 917 2906 1016 2977; x_wconf 87' lang='lat' dir='ltr'>lauru,</span> 
     </span>
    </p>

    <p class='ocr_par' dir='ltr' id='par_1_14' title="bbox 241 2990 990 3057">
     <span class='ocr_line' id='line_1_31' title="bbox 241 2990 990 3057; baseline -0.011 -4"><span class='ocrx_word' id='word_1_169' title='bbox 241 2994 301 3053; x_wconf 91' lang='lat' dir='ltr'>Pro</span> <span class='ocrx_word' id='word_1_170' title='bbox 321 2992 412 3051; x_wconf 81' lang='lat' dir='ltr'>laetis</span> <span class='ocrx_word' id='word_1_171' title='bbox 429 2992 546 3050; x_wconf 87' lang='lat' dir='ltr'>humeri</span> <span class='ocrx_word' id='word_1_172' title='bbox 566 2990 717 3050; x_wconf 88' lang='lat' dir='ltr'>velamina</span> <span class='ocrx_word' id='word_1_173' title='bbox 736 2990 836 3049; x_wconf 86' lang='lat' dir='ltr'>tristia</span> <span class='ocrx_word' id='word_1_174' title='bbox 859 2995 990 3057; x_wconf 85' lang='lat' dir='ltr'>sumunt.</span> 
     </span>
    </p>

    <p class='ocr_par' dir='ltr' id='par_1_15' title="bbox 241 3073 1110 3664">
     <span class='ocr_line' id='line_1_32' title="bbox 286 3073 1084 3154; baseline -0.006 -19"><span class='ocrx_word' id='word_1_175' title='bbox 286 3075 350 3151; x_wconf 82' lang='lat' dir='ltr'>Quo</span> <span class='ocrx_word' id='word_1_176' title='bbox 369 3097 428 3149; x_wconf 89' lang='lat' dir='ltr'>me,</span> <span class='ocrx_word' id='word_1_177' title='bbox 448 3076 540 3150; x_wconf 89' lang='lat' dir='ltr'>Diva,</span> <span class='ocrx_word' id='word_1_178' title='bbox 563 3076 647 3154; x_wconf 84' lang='lat' dir='ltr'>gravi</span> <span class='ocrx_word' id='word_1_179' title='bbox 668 3073 842 3151; x_wconf 80' lang='lat' dir='ltr'>perfossum</span> <span class='ocrx_word' id='word_1_180' title='bbox 862 3084 988 3152; x_wconf 81' lang='lat' dir='ltr'>pectora</span> <span class='ocrx_word' id='word_1_181' title='bbox 1011 3091 1084 3132; x_wconf 88' lang='lat' dir='ltr'>cura</span> 
     </span>
     <span class='ocr_line' id='line_1_33' title="bbox 242 3160 1049 3237; baseline -0.007 -14"><span class='ocrx_word' id='word_1_182' title='bbox 242 3163 382 3236; x_wconf 85' lang='lat' dir='ltr'>Deseris,</span> <span class='ocrx_word' id='word_1_183' title='bbox 404 3162 618 3237; x_wconf 81' lang='lat' dir='ltr'>infandamque</span> <span class='ocrx_word' id='word_1_184' title='bbox 641 3160 728 3217; x_wconf 90' lang='lat' dir='ltr'>iubes</span> <span class='ocrx_word' id='word_1_185' title='bbox 750 3179 898 3227; x_wconf 86' lang='lat' dir='ltr'>renovare</span> <span class='ocrx_word' id='word_1_186' title='bbox 919 3160 1049 3230; x_wconf 69' lang='lat' dir='ltr'>ruinann</span> 
     </span>
     <span class='ocr_line' id='line_1_34' title="bbox 243 3244 1110 3325; baseline -0.005 -18"><span class='ocrx_word' id='word_1_187' title='bbox 243 3247 311 3308; x_wconf 83' lang='lat' dir='ltr'>Oui</span> <span class='ocrx_word' id='word_1_188' title='bbox 308 3267 378 3325; x_wconf 86' lang='lat' dir='ltr'>par</span> <span class='ocrx_word' id='word_1_189' title='bbox 399 3267 463 3305; x_wconf 89' lang='lat' dir='ltr'>non</span> <span class='ocrx_word' id='word_1_190' title='bbox 484 3247 598 3304; x_wconf 85' lang='lat' dir='ltr'>fueram</span> <span class='ocrx_word' id='word_1_191' title='bbox 620 3244 758 3303; x_wconf 79' lang='lat' dir='ltr'>flendae?</span> <span class='ocrx_word' id='word_1_192' title='bbox 779 3244 860 3317; x_wconf 80' lang='lat' dir='ltr'>Quid</span> <span class='ocrx_word' id='word_1_193' title='bbox 877 3245 1004 3304; x_wconf 82' lang='lat' dir='ltr'>fulmine</span> <span class='ocrx_word' id='word_1_194' title='bbox 1024 3251 1110 3309; x_wconf 88' lang='lat' dir='ltr'>tanto</span> 
     </span>
     <span class='ocr_line' id='line_1_35' title="bbox 241 3327 982 3413; baseline -0.007 -21"><span class='ocrx_word' id='word_1_195' title='bbox 241 3333 376 3413; x_wconf 87' lang='lat' dir='ltr'>Dignum</span> <span class='ocrx_word' id='word_1_196' title='bbox 398 3331 578 3407; x_wconf 78' lang='lat' dir='ltr'>concipiam,</span> <span class='ocrx_word' id='word_1_197' title='bbox 601 3328 649 3386; x_wconf 89' lang='lat' dir='ltr'>cui</span> <span class='ocrx_word' id='word_1_198' title='bbox 672 3327 870 3406; x_wconf 85' lang='lat' dir='ltr'>singultantia</span> <span class='ocrx_word' id='word_1_199' title='bbox 888 3332 982 3389; x_wconf 87' lang='lat' dir='ltr'>verba</span> 
     </span>
     <span class='ocr_line' id='line_1_36' title="bbox 241 3413 1015 3492; baseline -0.005 -15"><span class='ocrx_word' id='word_1_200' title='bbox 241 3419 303 3477; x_wconf 86' lang='lat' dir='ltr'>Vix</span> <span class='ocrx_word' id='word_1_201' title='bbox 320 3417 421 3481; x_wconf 86' lang='lat' dir='ltr'>medie</span> <span class='ocrx_word' id='word_1_202' title='bbox 437 3414 549 3492; x_wconf 80' lang='lat' dir='ltr'>gemitu</span> <span class='ocrx_word' id='word_1_203' title='bbox 570 3433 630 3472; x_wconf 85' lang='lat' dir='ltr'>vox</span> <span class='ocrx_word' id='word_1_204' title='bbox 654 3413 821 3491; x_wconf 86' lang='lat' dir='ltr'>intercepta</span> <span class='ocrx_word' id='word_1_205' title='bbox 843 3415 1015 3477; x_wconf 77' lang='lat' dir='ltr'>ministrat?</span> 
     </span>
     <span class='ocr_line' id='line_1_37' title="bbox 241 3499 965 3581; baseline -0.007 -19"><span class='ocrx_word' id='word_1_206' title='bbox 241 3504 386 3581; x_wconf 81' lang='lat' dir='ltr'>Ignosce,</span> <span class='ocrx_word' id='word_1_207' title='bbox 407 3519 425 3559; x_wconf 94' lang='lat' dir='ltr'>o</span> <span class='ocrx_word' id='word_1_208' title='bbox 446 3499 541 3559; x_wconf 84' lang='lat' dir='ltr'>nostri</span> <span class='ocrx_word' id='word_1_209' title='bbox 562 3499 645 3558; x_wconf 86' lang='lat' dir='ltr'>sidua</span> <span class='ocrx_word' id='word_1_210' title='bbox 664 3499 858 3565; x_wconf 88' lang='lat' dir='ltr'>memorabile</span> <span class='ocrx_word' id='word_1_211' title='bbox 881 3500 965 3572; x_wconf 85' lang='lat' dir='ltr'>secli,</span> 
     </span>
     <span class='ocr_line' id='line_1_38' title="bbox 244 3583 1066 3665; baseline -0.006 -16"><span class='ocrx_word' id='word_1_212' title='bbox 244 3587 278 3650; x_wconf 85' lang='lat' dir='ltr'>si</span> <span class='ocrx_word' id='word_1_213' title='bbox 293 3606 348 3664; x_wconf 86' lang='lat' dir='ltr'>pro</span> <span class='ocrx_word' id='word_1_214' title='bbox 368 3583 561 3665; x_wconf 81' lang='lat' dir='ltr'>carminibus,</span> <span class='ocrx_word' id='word_1_215' title='bbox 579 3592 752 3645; x_wconf 84' lang='lat' dir='ltr'>truncarnm</span> <span class='ocrx_word' id='word_1_216' title='bbox 772 3602 926 3649; x_wconf 84' lang='lat' dir='ltr'>murmura</span> <span class='ocrx_word' id='word_1_217' title='bbox 947 3601 1066 3657; x_wconf 69' lang='lat' dir='ltr'>vocum,</span> 
     </span>
    </p>
   </div>
   <div class='ocr_carea' id='block_1_7' title="bbox 0 0 1272 4216">
    <p class='ocr_par' dir='ltr' id='par_1_16' title="bbox 0 0 1272 4216">
     <span class='ocr_line' id='line_1_39' title="bbox 0 0 1272 4216; baseline 0 0"><span class='ocrx_word' id='word_1_218' title='bbox 0 0 1272 4216; x_wconf 95' lang='lat' dir='ltr'> </span> 
     </span>
    </p>
   </div>
  </div>
 </body>
</html>
