<?xml version="1.0" encoding="UTF-8"?>
<!DOCTYPE html PUBLIC "-//W3C//DTD XHTML 1.0 Transitional//EN"
    "http://www.w3.org/TR/xhtml1/DTD/xhtml1-transitional.dtd">
<html xmlns="http://www.w3.org/1999/xhtml" xml:lang="en" lang="en">
 <head>
  <title>
</title>
<meta http-equiv="Content-Type" content="text/html;charset=utf-8" />
  <meta name='ocr-system' content='tesseract 3.04.00' />
  <meta name='ocr-capabilities' content='ocr_page ocr_carea ocr_par ocr_line ocrx_word'/>
</head>
<body>
  <div class='ocr_page' id='page_1' title='image "./iosephiscaliger01scalgoog_0120.png"; bbox 0 0 2502 4218; ppageno 0'>
   <div class='ocr_carea' id='block_1_1' title="bbox 457 356 606 452">
    <p class='ocr_par' dir='ltr' id='par_1_1' title="bbox 457 356 606 452">
     <span class='ocr_line' id='line_1_1' title="bbox 457 356 606 452; baseline 0 -35"><span class='ocrx_word' id='word_1_1' title='bbox 457 356 606 452; x_wconf 46' lang='grc' dir='ltr'><strong><em>Α</em></strong></span> 
     </span>
    </p>
   </div>
   <div class='ocr_carea' id='block_1_2' title="bbox 79 514 871 689">
    <p class='ocr_par' dir='ltr' id='par_1_2' title="bbox 79 514 871 689">
     <span class='ocr_line' id='line_1_2' title="bbox 79 514 871 604; baseline 0.013 -25"><span class='ocrx_word' id='word_1_2' title='bbox 79 514 130 579; x_wconf 74' lang='lat' dir='ltr'>ts.</span> <span class='ocrx_word' id='word_1_3' title='bbox 171 523 317 582; x_wconf 79' lang='lat' dir='ltr'>Humana</span> <span class='ocrx_word' id='word_1_4' title='bbox 335 526 397 583; x_wconf 85' lang='lat' dir='ltr'>vita</span> <span class='ocrx_word' id='word_1_5' title='bbox 419 535 466 585; x_wconf 86' lang='lat' dir='ltr'>est</span> <span class='ocrx_word' id='word_1_6' title='bbox 487 527 565 600; x_wconf 83' lang='lat' dir='ltr'>alea,</span> <span class='ocrx_word' id='word_1_7' title='bbox 586 528 618 587; x_wconf 87' lang='lat' dir='ltr'>in</span> <span class='ocrx_word' id='word_1_8' title='bbox 638 547 698 604; x_wconf 88' lang='lat' dir='ltr'>qua</span> <span class='ocrx_word' id='word_1_9' title='bbox 721 529 841 589; x_wconf 77' lang='lat' dir='ltr'>vincere</span> <span class='ocrx_word' id='word_1_10' title='bbox 866 558 871 565; x_wconf 65' lang='lat'><strong><em>¹</em></strong></span> 
     </span>
     <span class='ocr_line' id='line_1_3' title="bbox 85 605 763 689; baseline 0.012 -24"><span class='ocrx_word' id='word_1_11' title='bbox 85 605 154 666; x_wconf 76' lang='lat' dir='ltr'>‘l&#39;am</span> <span class='ocrx_word' id='word_1_12' title='bbox 174 609 341 682; x_wconf 71' lang='lat' dir='ltr'>fortuitum,</span> <span class='ocrx_word' id='word_1_13' title='bbox 364 630 452 685; x_wconf 90' lang='lat' dir='ltr'>qnam</span> <span class='ocrx_word' id='word_1_14' title='bbox 478 631 606 672; x_wconf 87' lang='lat' dir='ltr'>necesse</span> <span class='ocrx_word' id='word_1_15' title='bbox 626 615 763 689; x_wconf 85' lang='lat' dir='ltr'>perdere.</span> 
     </span>
    </p>
   </div>
   <div class='ocr_carea' id='block_1_3' title="bbox 80 776 878 1620">
    <p class='ocr_par' dir='ltr' id='par_1_3' title="bbox 82 776 785 935">
     <span class='ocr_line' id='line_1_4' title="bbox 87 776 785 859; baseline 0.01 -25"><span class='ocrx_word' id='word_1_16' title='bbox 87 777 128 834; x_wconf 83' lang='lat'>17.</span> <span class='ocrx_word' id='word_1_17' title='bbox 171 776 205 838; x_wconf 88' lang='lat' dir='ltr'>Si</span> <span class='ocrx_word' id='word_1_18' title='bbox 225 797 330 856; x_wconf 83' lang='lat' dir='ltr'>cogere</span> <span class='ocrx_word' id='word_1_19' title='bbox 349 780 420 840; x_wconf 87' lang='lat' dir='ltr'>ullis</span> <span class='ocrx_word' id='word_1_20' title='bbox 439 782 588 842; x_wconf 86' lang='lat' dir='ltr'>interesse</span> <span class='ocrx_word' id='word_1_21' title='bbox 609 782 785 859; x_wconf 85' lang='lat' dir='ltr'>ccetibns[‚]</span> 
     </span>
     <span class='ocr_line' id='line_1_5' title="bbox 82 860 601 935; baseline 0.01 -16"><span class='ocrx_word' id='word_1_22' title='bbox 82 860 160 934; x_wconf 83' lang='lat' dir='ltr'>Quos</span> <span class='ocrx_word' id='word_1_23' title='bbox 179 864 326 935; x_wconf 70' lang='lat' dir='ltr'>insolenti</span> <span class='ocrx_word' id='word_1_24' title='bbox 346 865 516 926; x_wconf 83' lang='lat' dir='ltr'>diffluentes</span> <span class='ocrx_word' id='word_1_25' title='bbox 539 867 601 925; x_wconf 85' lang='lat' dir='ltr'>otio</span> 
     </span>
    </p>

    <p class='ocr_par' dir='ltr' id='par_1_4' title="bbox 81 945 767 1113">
     <span class='ocr_line' id='line_1_6' title="bbox 82 945 767 1021; baseline 0.009 -19"><span class='ocrx_word' id='word_1_26' title='bbox 82 945 134 1004; x_wconf 89' lang='lat' dir='ltr'>Vel</span> <span class='ocrx_word' id='word_1_27' title='bbox 155 949 234 1021; x_wconf 82' lang='lat' dir='ltr'>rixa,</span> <span class='ocrx_word' id='word_1_28' title='bbox 255 949 306 1008; x_wconf 82' lang='lat' dir='ltr'>rel</span> <span class='ocrx_word' id='word_1_29' title='bbox 327 949 373 1008; x_wconf 88' lang='lat' dir='ltr'>vis</span> <span class='ocrx_word' id='word_1_30' title='bbox 398 951 496 1009; x_wconf 84' lang='lat' dir='ltr'>calida</span> <span class='ocrx_word' id='word_1_31' title='bbox 519 951 671 1010; x_wconf 85' lang='lat' dir='ltr'>commisit</span> <span class='ocrx_word' id='word_1_32' title='bbox 693 953 767 1008; x_wconf 86' lang='lat' dir='ltr'>meri</span> 
     </span>
     <span class='ocr_line' id='line_1_7' title="bbox 81 1030 681 1113; baseline 0.01 -26"><span class='ocrx_word' id='word_1_33' title='bbox 81 1030 304 1113; x_wconf 81' lang='lat' dir='ltr'>Tumultu0s0s‚</span> <span class='ocrx_word' id='word_1_34' title='bbox 327 1035 376 1093; x_wconf 85' lang='lat' dir='ltr'>vel</span> <span class='ocrx_word' id='word_1_35' title='bbox 398 1037 519 1097; x_wconf 83' lang='lat' dir='ltr'>iocosus</span> <span class='ocrx_word' id='word_1_36' title='bbox 541 1035 681 1113; x_wconf 86' lang='lat' dir='ltr'>garrulae</span> 
     </span>
    </p>

    <p class='ocr_par' dir='ltr' id='par_1_5' title="bbox 81 1114 664 1198">
     <span class='ocr_line' id='line_1_8' title="bbox 81 1114 664 1198; baseline 0.01 -25"><span class='ocrx_word' id='word_1_37' title='bbox 81 1114 253 1179; x_wconf 84' lang='lat' dir='ltr'>Dicacitatis</span> <span class='ocrx_word' id='word_1_38' title='bbox 280 1119 370 1178; x_wconf 84' lang='lat' dir='ltr'>solvit</span> <span class='ocrx_word' id='word_1_39' title='bbox 389 1121 420 1178; x_wconf 91' lang='lat' dir='ltr'>in</span> <span class='ocrx_word' id='word_1_40' title='bbox 442 1121 536 1180; x_wconf 84' lang='lat' dir='ltr'>risum</span> <span class='ocrx_word' id='word_1_41' title='bbox 556 1121 664 1198; x_wconf 74' lang='lat' dir='ltr'>lepost</span> 
     </span>
    </p>

    <p class='ocr_par' dir='ltr' id='par_1_6' title="bbox 80 1200 799 1366">
     <span class='ocr_line' id='line_1_9' title="bbox 82 1200 799 1279; baseline 0.004 -21"><span class='ocrx_word' id='word_1_42' title='bbox 82 1200 238 1279; x_wconf 85' lang='lat' dir='ltr'>Tantisper</span> <span class='ocrx_word' id='word_1_43' title='bbox 258 1202 333 1261; x_wconf 87' lang='lat' dir='ltr'>haec</span> <span class='ocrx_word' id='word_1_44' title='bbox 355 1204 425 1262; x_wconf 90' lang='lat' dir='ltr'>dum</span> <span class='ocrx_word' id='word_1_45' title='bbox 448 1207 658 1263; x_wconf 83' lang='lat' dir='ltr'>detumescunt</span> <span class='ocrx_word' id='word_1_46' title='bbox 678 1204 799 1277; x_wconf 79' lang='lat' dir='ltr'>frivola,</span> 
     </span>
     <span class='ocr_line' id='line_1_10' title="bbox 80 1286 793 1366; baseline 0.004 -22"><span class='ocrx_word' id='word_1_47' title='bbox 80 1286 242 1365; x_wconf 86' lang='lat' dir='ltr'>Praecepta</span> <span class='ocrx_word' id='word_1_48' title='bbox 263 1289 344 1366; x_wconf 89' lang='lat' dir='ltr'>apud</span> <span class='ocrx_word' id='word_1_49' title='bbox 365 1298 396 1347; x_wconf 87' lang='lat' dir='ltr'>te</span> <span class='ocrx_word' id='word_1_50' title='bbox 415 1290 562 1351; x_wconf 81' lang='lat' dir='ltr'>refricans</span> <span class='ocrx_word' id='word_1_51' title='bbox 583 1309 696 1348; x_wconf 84' lang='lat' dir='ltr'>memor</span> <span class='ocrx_word' id='word_1_52' title='bbox 718 1308 793 1347; x_wconf 69' lang='lat' dir='ltr'>mem</span> 
     </span>
    </p>

    <p class='ocr_par' dir='ltr' id='par_1_7' title="bbox 80 1371 878 1620">
     <span class='ocr_line' id='line_1_11' title="bbox 80 1371 793 1450; baseline 0.006 -22"><span class='ocrx_word' id='word_1_53' title='bbox 80 1371 113 1429; x_wconf 93' lang='lat' dir='ltr'>In</span> <span class='ocrx_word' id='word_1_54' title='bbox 134 1382 233 1432; x_wconf 83' lang='lat' dir='ltr'>mente</span> <span class='ocrx_word' id='word_1_55' title='bbox 256 1374 401 1432; x_wconf 84' lang='lat' dir='ltr'>blandum</span> <span class='ocrx_word' id='word_1_56' title='bbox 423 1394 534 1450; x_wconf 85' lang='lat' dir='ltr'>quaere</span> <span class='ocrx_word' id='word_1_57' title='bbox 556 1394 711 1434; x_wconf 84' lang='lat' dir='ltr'>secessum</span> <span class='ocrx_word' id='word_1_58' title='bbox 733 1383 793 1432; x_wconf 85' lang='lat' dir='ltr'>tua.</span> 
     </span>
     <span class='ocr_line' id='line_1_12' title="bbox 80 1456 878 1537; baseline 0.005 -24"><span class='ocrx_word' id='word_1_59' title='bbox 80 1456 186 1518; x_wconf 88' lang='lat' dir='ltr'>Potens</span> <span class='ocrx_word' id='word_1_60' title='bbox 211 1459 258 1518; x_wconf 90' lang='lat' dir='ltr'>sui</span> <span class='ocrx_word' id='word_1_61' title='bbox 280 1478 378 1532; x_wconf 77' lang='lat' dir='ltr'>mens,</span> <span class='ocrx_word' id='word_1_62' title='bbox 400 1479 536 1535; x_wconf 86' lang='lat' dir='ltr'>quaeque</span> <span class='ocrx_word' id='word_1_63' title='bbox 559 1479 593 1519; x_wconf 83' lang='lat' dir='ltr'>se</span> <span class='ocrx_word' id='word_1_64' title='bbox 616 1477 770 1536; x_wconf 87' lang='lat' dir='ltr'>nunquam</span> <span class='ocrx_word' id='word_1_65' title='bbox 791 1461 878 1537; x_wconf 74' lang='lat' dir='ltr'>fugit,</span> 
     </span>
     <span class='ocr_line' id='line_1_13' title="bbox 80 1541 769 1620; baseline 0.006 -22"><span class='ocrx_word' id='word_1_66' title='bbox 80 1541 111 1599; x_wconf 91' lang='lat' dir='ltr'>ln</span> <span class='ocrx_word' id='word_1_67' title='bbox 132 1544 221 1620; x_wconf 89' lang='lat' dir='ltr'>plebe</span> <span class='ocrx_word' id='word_1_68' title='bbox 244 1545 346 1602; x_wconf 87' lang='lat' dir='ltr'>media</span> <span class='ocrx_word' id='word_1_69' title='bbox 365 1545 453 1603; x_wconf 82' lang='lat' dir='ltr'>dulce</span> <span class='ocrx_word' id='word_1_70' title='bbox 475 1554 625 1604; x_wconf 81' lang='lat' dir='ltr'>secretum</span> <span class='ocrx_word' id='word_1_71' title='bbox 645 1545 769 1603; x_wconf 84' lang='lat' dir='ltr'>invenit.</span> 
     </span>
    </p>
   </div>
   <div class='ocr_carea' id='block_1_4' title="bbox 76 1712 1043 2979">
    <p class='ocr_par' dir='ltr' id='par_1_8' title="bbox 76 1712 1043 2979">
     <span class='ocr_line' id='line_1_14' title="bbox 298 1712 757 1789; baseline -0.009 -17"><span class='ocrx_word' id='word_1_72' title='bbox 298 1714 350 1773; x_wconf 81' lang='lat' dir='ltr'>ts.</span> <span class='ocrx_word' id='word_1_73' title='bbox 397 1712 537 1789; x_wconf 76' lang='lat' dir='ltr'>Sophiste</span> <span class='ocrx_word' id='word_1_74' title='bbox 555 1716 586 1769; x_wconf 78' lang='lat' dir='ltr'>a&#39;a</span> <span class='ocrx_word' id='word_1_75' title='bbox 609 1714 757 1769; x_wconf 74' lang='lat' dir='ltr'>convivio..</span> 
     </span>
     <span class='ocr_line' id='line_1_15' title="bbox 80 1793 808 1872; baseline 0 -19"><span class='ocrx_word' id='word_1_76' title='bbox 80 1793 141 1867; x_wconf 77' lang='lat' dir='ltr'>Quo</span> <span class='ocrx_word' id='word_1_77' title='bbox 163 1806 193 1854; x_wconf 90' lang='lat' dir='ltr'>te</span> <span class='ocrx_word' id='word_1_78' title='bbox 208 1798 390 1857; x_wconf 86' lang='lat' dir='ltr'>ambulando</span> <span class='ocrx_word' id='word_1_79' title='bbox 413 1816 529 1871; x_wconf 84' lang='lat' dir='ltr'>cunque</span> <span class='ocrx_word' id='word_1_80' title='bbox 551 1796 644 1855; x_wconf 82' lang='lat' dir='ltr'>vertis</span> <span class='ocrx_word' id='word_1_81' title='bbox 664 1797 808 1872; x_wconf 73' lang='lat' dir='ltr'>gentium,</span> 
     </span>
     <span class='ocr_line' id='line_1_16' title="bbox 79 1878 702 1959; baseline 0.006 -23"><span class='ocrx_word' id='word_1_82' title='bbox 79 1878 175 1941; x_wconf 79' lang='lat' dir='ltr'>Vitare</span> <span class='ocrx_word' id='word_1_83' title='bbox 197 1904 259 1942; x_wconf 92' lang='lat' dir='ltr'>non</span> <span class='ocrx_word' id='word_1_84' title='bbox 284 1892 331 1942; x_wconf 89' lang='lat' dir='ltr'>est</span> <span class='ocrx_word' id='word_1_85' title='bbox 353 1883 574 1959; x_wconf 85' lang='lat' dir='ltr'>disputatorum</span> <span class='ocrx_word' id='word_1_86' title='bbox 595 1899 702 1959; x_wconf 85' lang='lat' dir='ltr'>genus,</span> 
     </span>
     <span class='ocr_line' id='line_1_17' title="bbox 79 1962 794 2044; baseline 0.003 -23"><span class='ocrx_word' id='word_1_87' title='bbox 79 1962 212 2044; x_wconf 80' lang='lat' dir='ltr'>Pugnax‚</span> <span class='ocrx_word' id='word_1_88' title='bbox 234 1976 424 2044; x_wconf 66' lang='lat' dir='ltr'>protervum·</span> <span class='ocrx_word' id='word_1_89' title='bbox 440 1968 612 2040; x_wconf 83' lang='lat' dir='ltr'>factiosum,</span> <span class='ocrx_word' id='word_1_90' title='bbox 630 1966 794 2044; x_wconf 79' lang='lat' dir='ltr'>garrulum,</span> 
     </span>
     <span class='ocr_line' id='line_1_18' title="bbox 80 2049 825 2131; baseline 0.001 -23"><span class='ocrx_word' id='word_1_91' title='bbox 80 2049 159 2125; x_wconf 79' lang='lat' dir='ltr'>Quos</span> <span class='ocrx_word' id='word_1_92' title='bbox 181 2054 268 2131; x_wconf 87' lang='lat' dir='ltr'>pacis</span> <span class='ocrx_word' id='word_1_93' title='bbox 290 2054 395 2112; x_wconf 89' lang='lat' dir='ltr'>hostes</span> <span class='ocrx_word' id='word_1_94' title='bbox 417 2054 524 2110; x_wconf 88' lang='lat' dir='ltr'>ultima</span> <span class='ocrx_word' id='word_1_95' title='bbox 545 2053 619 2110; x_wconf 88' lang='lat' dir='ltr'>haec</span> <span class='ocrx_word' id='word_1_96' title='bbox 641 2059 725 2111; x_wconf 84' lang='lat' dir='ltr'>aetas</span> <span class='ocrx_word' id='word_1_97' title='bbox 746 2051 825 2123; x_wconf 72' lang='lat' dir='ltr'>tulit,</span> 
     </span>
     <span class='ocr_line' id='line_1_19' title="bbox 80 2133 780 2214; baseline 0.003 -20"><span class='ocrx_word' id='word_1_98' title='bbox 80 2133 131 2207; x_wconf 76' lang='lat' dir='ltr'>Qui</span> <span class='ocrx_word' id='word_1_99' title='bbox 151 2147 238 2196; x_wconf 89' lang='lat' dir='ltr'>nocte</span> <span class='ocrx_word' id='word_1_100' title='bbox 259 2139 371 2210; x_wconf 80' lang='lat' dir='ltr'>lucem‚&#39;</span> <span class='ocrx_word' id='word_1_101' title='bbox 384 2137 471 2214; x_wconf 81' lang='lat' dir='ltr'>nigra</span> <span class='ocrx_word' id='word_1_102' title='bbox 492 2145 621 2197; x_wconf 81' lang='lat' dir='ltr'>vertunt</span> <span class='ocrx_word' id='word_1_103' title='bbox 633 2137 780 2208; x_wconf 78' lang='lat' dir='ltr'>candidis,</span> 
     </span>
     <span class='ocr_line' id='line_1_20' title="bbox 79 2220 671 2298; baseline 0 -20"><span class='ocrx_word' id='word_1_104' title='bbox 79 2220 113 2278; x_wconf 80' lang='lat' dir='ltr'>Et</span> <span class='ocrx_word' id='word_1_105' title='bbox 132 2224 341 2298; x_wconf 82' lang='lat' dir='ltr'>quaestionum</span> <span class='ocrx_word' id='word_1_106' title='bbox 362 2224 504 2282; x_wconf 86' lang='lat' dir='ltr'>tristitate</span> <span class='ocrx_word' id='word_1_107' title='bbox 527 2223 671 2281; x_wconf 88' lang='lat' dir='ltr'>condiunt</span> 
     </span>
     <span class='ocr_line' id='line_1_21' title="bbox 78 2304 679 2382; baseline 0.002 -20"><span class='ocrx_word' id='word_1_108' title='bbox 78 2304 168 2368; x_wconf 87' lang='lat' dir='ltr'>Natas</span> <span class='ocrx_word' id='word_1_109' title='bbox 191 2309 223 2366; x_wconf 91' lang='lat' dir='ltr'>in</span> <span class='ocrx_word' id='word_1_110' title='bbox 246 2328 335 2367; x_wconf 88' lang='lat' dir='ltr'>usum</span> <span class='ocrx_word' id='word_1_111' title='bbox 357 2309 451 2366; x_wconf 87' lang='lat' dir='ltr'>sobrii</span> <span class='ocrx_word' id='word_1_112' title='bbox 473 2310 554 2366; x_wconf 86' lang='lat' dir='ltr'>risus</span> <span class='ocrx_word' id='word_1_113' title='bbox 573 2308 679 2382; x_wconf 85' lang='lat' dir='ltr'>dapes.</span> 
     </span>
     <span class='ocr_line' id='line_1_22' title="bbox 79 2387 813 2465; baseline -0.005 -16"><span class='ocrx_word' id='word_1_114' title='bbox 79 2387 137 2451; x_wconf 90' lang='lat' dir='ltr'>Hos</span> <span class='ocrx_word' id='word_1_115' title='bbox 157 2413 215 2451; x_wconf 86' lang='lat' dir='ltr'>nec</span> <span class='ocrx_word' id='word_1_116' title='bbox 237 2394 381 2451; x_wconf 86' lang='lat' dir='ltr'>decorum</span> <span class='ocrx_word' id='word_1_117' title='bbox 404 2402 461 2465; x_wconf 83' lang='lat' dir='ltr'>est,</span> <span class='ocrx_word' id='word_1_118' title='bbox 483 2411 539 2451; x_wconf 90' lang='lat' dir='ltr'>nec</span> <span class='ocrx_word' id='word_1_119' title='bbox 559 2401 642 2449; x_wconf 90' lang='lat' dir='ltr'>tuum</span> <span class='ocrx_word' id='word_1_120' title='bbox 664 2389 813 2465; x_wconf 85' lang='lat' dir='ltr'>refellere.</span> 
     </span>
     <span class='ocr_line' id='line_1_23' title="bbox 79 2474 831 2554; baseline -0.003 -22"><span class='ocrx_word' id='word_1_121' title='bbox 79 2474 141 2535; x_wconf 81' lang='lat' dir='ltr'>Tali</span> <span class='ocrx_word' id='word_1_122' title='bbox 161 2479 249 2536; x_wconf 87' lang='lat' dir='ltr'>hoste</span> <span class='ocrx_word' id='word_1_123' title='bbox 268 2479 348 2536; x_wconf 89' lang='lat' dir='ltr'>victo</span> <span class='ocrx_word' id='word_1_124' title='bbox 376 2479 444 2554; x_wconf 88' lang='lat' dir='ltr'>quis</span> <span class='ocrx_word' id='word_1_125' title='bbox 465 2476 634 2553; x_wconf 85' lang='lat' dir='ltr'>triumphus</span> <span class='ocrx_word' id='word_1_126' title='bbox 657 2483 688 2541; x_wconf 88' lang='lat' dir='ltr'>te</span> <span class='ocrx_word' id='word_1_127' title='bbox 709 2475 831 2532; x_wconf 80' lang='lat' dir='ltr'>manet?</span> 
     </span>
     <span class='ocr_line' id='line_1_24' title="bbox 78 2558 715 2641; baseline -0.002 -23"><span class='ocrx_word' id='word_1_128' title='bbox 78 2558 219 2622; x_wconf 88' lang='lat' dir='ltr'>Luctante</span> <span class='ocrx_word' id='word_1_129' title='bbox 242 2564 344 2622; x_wconf 83' lang='lat' dir='ltr'>eodem</span> <span class='ocrx_word' id='word_1_130' title='bbox 369 2582 472 2641; x_wconf 84' lang='lat' dir='ltr'>pugna</span> <span class='ocrx_word' id='word_1_131' title='bbox 492 2562 594 2639; x_wconf 77' lang='lat' dir='ltr'>gliscit</span> <span class='ocrx_word' id='word_1_132' title='bbox 611 2560 715 2618; x_wconf 84' lang='lat' dir='ltr'>acrior.</span> 
     </span>
     <span class='ocr_line' id='line_1_25' title="bbox 77 2644 1043 2727; baseline -0.001 -24"><span class='ocrx_word' id='word_1_133' title='bbox 77 2644 136 2706; x_wconf 87' lang='lat' dir='ltr'>Nec</span> <span class='ocrx_word' id='word_1_134' title='bbox 151 2649 331 2725; x_wconf 89' lang='lat' dir='ltr'>dignitatem</span> <span class='ocrx_word' id='word_1_135' title='bbox 352 2650 482 2707; x_wconf 87' lang='lat' dir='ltr'>frontem</span> <span class='ocrx_word' id='word_1_136' title='bbox 506 2649 606 2705; x_wconf 86' lang='lat' dir='ltr'>ferrea</span> <span class='ocrx_word' id='word_1_137' title='bbox 622 2645 720 2721; x_wconf 87' lang='lat' dir='ltr'>pudor</span> <span class='ocrx_word' id='word_1_138' title='bbox 837 2645 990 2727; x_wconf 58' lang='lat' dir='ltr'>[frontet]</span> <span class='ocrx_word' id='word_1_139' title='bbox 1036 2646 1043 2660; x_wconf 84' lang='grc'><em>’</em></span> 
     </span>
     <span class='ocr_line' id='line_1_26' title="bbox 78 2730 747 2810; baseline -0.001 -21"><span class='ocrx_word' id='word_1_140' title='bbox 78 2730 247 2810; x_wconf 84' lang='lat' dir='ltr'>llxpressus</span> <span class='ocrx_word' id='word_1_141' title='bbox 269 2743 373 2810; x_wconf 81' lang='lat' dir='ltr'>auget:</span> <span class='ocrx_word' id='word_1_142' title='bbox 397 2734 563 2792; x_wconf 83' lang='lat' dir='ltr'>claritatem</span> <span class='ocrx_word' id='word_1_143' title='bbox 585 2750 642 2790; x_wconf 83' lang='lat' dir='ltr'>nec</span> <span class='ocrx_word' id='word_1_144' title='bbox 663 2731 747 2789; x_wconf 89' lang='lat' dir='ltr'>dabit</span> 
     </span>
     <span class='ocr_line' id='line_1_27' title="bbox 77 2815 622 2893; baseline 0.004 -19"><span class='ocrx_word' id='word_1_145' title='bbox 77 2815 200 2878; x_wconf 82' lang='lat' dir='ltr'>Extorta</span> <span class='ocrx_word' id='word_1_146' title='bbox 221 2819 297 2877; x_wconf 82' lang='lat' dir='ltr'>rixis</span> <span class='ocrx_word' id='word_1_147' title='bbox 320 2819 441 2877; x_wconf 81' lang='lat' dir='ltr'>veritas.</span> <span class='ocrx_word' id='word_1_148' title='bbox 461 2819 498 2877; x_wconf 94' lang='lat' dir='ltr'>In</span> <span class='ocrx_word' id='word_1_149' title='bbox 518 2817 622 2893; x_wconf 79' lang='lat' dir='ltr'>iurgiis</span> 
     </span>
     <span class='ocr_line' id='line_1_28' title="bbox 76 2900 773 2979; baseline -0.001 -22"><span class='ocrx_word' id='word_1_150' title='bbox 76 2900 192 2963; x_wconf 88' lang='lat' dir='ltr'>Vicisse</span> <span class='ocrx_word' id='word_1_151' title='bbox 209 2904 300 2976; x_wconf 80' lang='lat' dir='ltr'>nolle,</span> <span class='ocrx_word' id='word_1_152' title='bbox 325 2924 415 2979; x_wconf 88' lang='lat' dir='ltr'>quum</span> <span class='ocrx_word' id='word_1_153' title='bbox 438 2922 543 2978; x_wconf 83' lang='lat' dir='ltr'>queas,</span> <span class='ocrx_word' id='word_1_154' title='bbox 567 2903 696 2960; x_wconf 85' lang='lat' dir='ltr'>victoria</span> <span class='ocrx_word' id='word_1_155' title='bbox 718 2909 773 2957; x_wconf 87' lang='lat' dir='ltr'>est.</span> 
     </span>
    </p>
   </div>
   <div class='ocr_carea' id='block_1_5' title="bbox 74 3068 876 3649">
    <p class='ocr_par' dir='ltr' id='par_1_9' title="bbox 79 3068 807 3147">
     <span class='ocr_line' id='line_1_29' title="bbox 79 3068 807 3147; baseline -0.007 -19"><span class='ocrx_word' id='word_1_156' title='bbox 79 3071 120 3130; x_wconf 76' lang='lat'>19.</span> <span class='ocrx_word' id='word_1_157' title='bbox 164 3073 235 3131; x_wconf 89' lang='lat' dir='ltr'>Non</span> <span class='ocrx_word' id='word_1_158' title='bbox 258 3084 288 3133; x_wconf 84' lang='lat' dir='ltr'>te</span> <span class='ocrx_word' id='word_1_159' title='bbox 308 3084 445 3133; x_wconf 89' lang='lat' dir='ltr'>vetamus</span> <span class='ocrx_word' id='word_1_160' title='bbox 467 3073 600 3132; x_wconf 88' lang='lat' dir='ltr'>omnium</span> <span class='ocrx_word' id='word_1_161' title='bbox 623 3090 678 3147; x_wconf 87' lang='lat' dir='ltr'>per</span> <span class='ocrx_word' id='word_1_162' title='bbox 701 3068 807 3125; x_wconf 88' lang='lat' dir='ltr'>artium</span> 
     </span>
    </p>

    <p class='ocr_par' dir='ltr' id='par_1_10' title="bbox 77 3153 876 3237">
     <span class='ocr_line' id='line_1_30' title="bbox 77 3153 876 3237; baseline -0.008 -23"><span class='ocrx_word' id='word_1_163' title='bbox 77 3153 206 3235; x_wconf 82' lang='lat' dir='ltr'>Campos</span> <span class='ocrx_word' id='word_1_164' title='bbox 229 3162 344 3237; x_wconf 78' lang='lat' dir='ltr'>vagari,</span> <span class='ocrx_word' id='word_1_165' title='bbox 367 3167 515 3235; x_wconf 85' lang='lat' dir='ltr'>quatenus</span> <span class='ocrx_word' id='word_1_166' title='bbox 535 3164 667 3215; x_wconf 85' lang='lat' dir='ltr'>mentem</span> <span class='ocrx_word' id='word_1_167' title='bbox 685 3161 780 3211; x_wconf 46' lang='lat' dir='ltr'>taam*</span> <span class='ocrx_word' id='word_1_168' title='bbox 871 3166 876 3171; x_wconf 80' lang='grc'><strong><em>’</em></strong></span> 
     </span>
    </p>

    <p class='ocr_par' dir='ltr' id='par_1_11' title="bbox 75 3242 743 3323">
     <span class='ocr_line' id='line_1_31' title="bbox 75 3242 743 3323; baseline -0.009 -23"><span class='ocrx_word' id='word_1_169' title='bbox 75 3242 116 3300; x_wconf 82' lang='lat' dir='ltr'>Ad</span> <span class='ocrx_word' id='word_1_170' title='bbox 136 3244 269 3302; x_wconf 86' lang='lat' dir='ltr'>clariora</span> <span class='ocrx_word' id='word_1_171' title='bbox 288 3253 483 3323; x_wconf 78' lang='lat' dir='ltr'>praeparant,</span> <span class='ocrx_word' id='word_1_172' title='bbox 504 3263 563 3300; x_wconf 87' lang='lat' dir='ltr'>non</span> <span class='ocrx_word' id='word_1_173' title='bbox 586 3246 743 3315; x_wconf 83' lang='lat' dir='ltr'>occupant.</span> 
     </span>
    </p>

    <p class='ocr_par' dir='ltr' id='par_1_12' title="bbox 74 3323 627 3406">
     <span class='ocr_line' id='line_1_32' title="bbox 74 3323 627 3406; baseline -0.005 -20"><span class='ocrx_word' id='word_1_174' title='bbox 74 3323 140 3387; x_wconf 89' lang='lat' dir='ltr'>Una</span> <span class='ocrx_word' id='word_1_175' title='bbox 160 3331 341 3406; x_wconf 86' lang='lat' dir='ltr'>aucupanda</span> <span class='ocrx_word' id='word_1_176' title='bbox 362 3331 403 3389; x_wconf 89' lang='lat' dir='ltr'>sit</span> <span class='ocrx_word' id='word_1_177' title='bbox 424 3324 479 3387; x_wconf 86' lang='lat' dir='ltr'>tibi</span> <span class='ocrx_word' id='word_1_178' title='bbox 500 3327 627 3386; x_wconf 86' lang='lat' dir='ltr'>scientia</span> 
     </span>
    </p>

    <p class='ocr_par' dir='ltr' id='par_1_13' title="bbox 75 3410 634 3492">
     <span class='ocr_line' id='line_1_33' title="bbox 75 3410 634 3492; baseline -0.007 -21"><span class='ocrx_word' id='word_1_179' title='bbox 75 3410 158 3472; x_wconf 86' lang='lat' dir='ltr'>Vitae</span> <span class='ocrx_word' id='word_1_180' title='bbox 181 3416 338 3492; x_wconf 81' lang='lat' dir='ltr'>magistra,</span> <span class='ocrx_word' id='word_1_181' title='bbox 360 3412 497 3473; x_wconf 81' lang='lat' dir='ltr'>veritatis</span> <span class='ocrx_word' id='word_1_182' title='bbox 519 3412 634 3488; x_wconf 79' lang='lat' dir='ltr'>regula,</span> 
     </span>
    </p>

    <p class='ocr_par' dir='ltr' id='par_1_14' title="bbox 75 3494 863 3649">
     <span class='ocr_line' id='line_1_34' title="bbox 75 3494 863 3583; baseline -0.011 -23"><span class='ocrx_word' id='word_1_183' title='bbox 75 3494 155 3569; x_wconf 76' lang='lat' dir='ltr'>Quae</span> <span class='ocrx_word' id='word_1_184' title='bbox 177 3500 265 3577; x_wconf 84' lang='lat' dir='ltr'>fingit</span> <span class='ocrx_word' id='word_1_185' title='bbox 285 3500 401 3560; x_wconf 87' lang='lat' dir='ltr'>animos</span> <span class='ocrx_word' id='word_1_186' title='bbox 424 3496 552 3557; x_wconf 89' lang='lat' dir='ltr'>cultibus</span> <span class='ocrx_word' id='word_1_187' title='bbox 574 3495 750 3572; x_wconf 86' lang='lat' dir='ltr'>sapientiae.</span> <span class='ocrx_word' id='word_1_188' title='bbox 850 3554 863 3583; x_wconf 56' lang='lat'><strong>·</strong></span> 
     </span>
     <span class='ocr_line' id='line_1_35' title="bbox 737 3589 810 3649; baseline -0.014 0"><span class='ocrx_word' id='word_1_189' title='bbox 737 3589 783 3649; x_wconf 58' lang='grc' dir='ltr'>δ’</span> <span class='ocrx_word' id='word_1_190' title='bbox 808 3624 810 3631; x_wconf 69' lang='lat'><em>,</em></span> 
     </span>
    </p>
   </div>
   <div class='ocr_carea' id='block_1_6' title="bbox 0 0 1256 4218">
    <p class='ocr_par' dir='ltr' id='par_1_15' title="bbox 0 0 1256 4218">
     <span class='ocr_line' id='line_1_36' title="bbox 0 0 1256 4218; baseline 0 2"><span class='ocrx_word' id='word_1_191' title='bbox 0 0 1256 4218; x_wconf 95' lang='lat' dir='ltr'> </span> 
     </span>
    </p>
   </div>
  </div>
 </body>
</html>
