2532 4216
479 323 614 418 .--A

107 484 161 568 (Τὸ
181 487 236 570 γὰρ
259 486 407 570 παροίρων
430 489 481 550 καὶ
502 488 700 590 κακοφρόνων
725 487 840 575 φρένας

107 570 265 656 Μέλῆθρόν
290 570 384 651 ἐστιν)
404 572 475 633 ἀλλ’
498 572 544 635 ότι
563 572 735 642 ὶκαλανίας

109 656 209 740 Ψυχῆς
230 656 333 737 ὑγείαν
356 654 387 717 ἐν
412 660 535 741 νοσῆλῷ
560 660 678 740 στόματι

103 736 223 803 Ἐδεκτο
246 744 367 825 χαῖρον.
392 741 488 804 οἰκίαν
512 741 543 805 δ’
568 742 645 825 ἐμὴν
667 743 735 805 ἐπεὶ

106 822 199 888 ’fleat’
223 823 368 907 ἐπῆλθεν,
391 825 510 909 ῆδομαι
532 828 582 890 καὶ
603 829 762 909 γάννυμοιι.

109 905 165 971 Καὶ
181 907 344 995 Χρέρυλος
367 910 471 994 ὥσπερ
495 913 629 994 κωμικὸς
648 912 906 998 πλούτουουχῶν

109 994 166 1145 ΙΣίκαὶ
185 996 373 1144 φροιριάζειν
397 996 448 1056 καὶ
468 996 609 1103 γορεόειν
635 997 797 1082 βούλομαι.

133 1106 147 1144 υ

110 1106 200 1249 Φιλῆν
222 1167 364 1248 δοίμαρτα
387 1164 538 1246 δωμάτων
562 1169 668 1248 πιστὴν
687 1166 764 1229 κόνα

104 1248 228 1318 Ἔλαθες
250 1249 365 1332 ἐπῆλὺς
390 1249 455 1311 ἀντὶ
476 1252 621 1333 φιλτάτου
641 1254 759 1334 παρών.

110 1332 178 1400 Οὐδ’
197 1337 300 1419 ὥσπερ
324 1333 416 1412 εἰκός,
441 1337 483 1401 ὡς
507 1335 612 1418 ἐχρῆν,
637 1340 679 1404 ῶς
700 1334 782 1404 ἀξιον

105 1417 191 1501 Ἐμοί
209 1442 242 1481 τε
265 1421 318 1481 καὶ
343 1419 400 1493 σοὶ,
421 1418 584 1502 ἐξενῶθῆς.
607 1422 637 1483 τί
652 1421 761 1497 ποίθω;

110 1500 145 1567 Τί
165 1505 191 1567 δ’
214 1501 329 1571 ἔλαθες
351 1503 468 1579 αότως;
489 1503 508 1586 ῆ
531 1527 570 1586 ρα
615 1505 740 1589 ακχικδν
761 1505 855 1570 πέδον

110 1589 153 1652 Αὐ
172 1592 306 1673 ῆλιανῶν
332 1588 362 1650 α’
385 1587 560 1671 ἐντερῆοειν
603 1592 706 1652 λπισα.

148 1612 360 1757 θῦδαιρονίζω
383 1672 434 1733 καὶ
457 1673 492 1735 σὲ
515 1678 568 1755 τῆς
586 1674 720 1758 ἀφίξεως

111 1759 236 1822 Λιπόντα
255 1755 395 1841 Πάριδος
414 1758 467 1839 τὴν
490 1755 578 1820 πόλιν
601 1760 783 1840 φερώνυμον

110 1843 203 1907 Αὐτόν
221 1866 254 1906 τε
278 1844 437 1924 δόσπαριν,
459 1840 586 1924 Φρόγας
603 1865 635 1904 τε
655 1847 851 1924 γυναιμανεῖς

59 1946 65 1959 ’
111 1925 368 2012 Πιθηκομόριρους
389 1927 516 2009 αὐλικῆς
537 1927 669 2010 ἀεργίας.

111 2013 169 2078 Νῦν
192 2010 319 2079 εἰκότως
340 2033 375 2093 γε
398 2012 482 2095 φημί
500 2018 529 2073 σ’
554 2010 615 2074 ὄντ’
640 2011 816 2095 ἐλεύθερον.

108 2096 183 2180 Ἐγὼ
210 2098 245 2160 δὲ
269 2098 362 2180 δηρδν
387 2096 521 2180 ὑστερῶν
543 2119 611 2169 σου,
633 2096 782 2180 φαίνομαι

111 2181 169 2246 Νῦν
189 2181 380 2256 ἀντίδουλος,
406 2181 562 2244 δεσποτῶν
585 2181 760 2266 ἀβελτέρων

111 2265 257 2352 Τριτοίλας
283 2264 405 2327 ἀκοόων
427 2268 478 2328 καὶ
498 2267 600 2328 δίκαια
618 2265 728 2328 κᾶδικα

111 2350 209 2417 Τόπον
231 2348 343 2434 τρόπον
366 2372 399 2411 τε
422 2352 575 2435 κοίρβανον
599 2349 658 2434 βόογ
676 2349 786 2435 σέβων.

145 2435 268 2502 Ὄλοιτο
294 2436 371 2516 δῆτα
392 2441 523 2518 τρωϊκῆς
546 2435 685 2502 ἀπιστίας

112 2520 279 2605 Βλάστιγρα
303 2522 426 2602 μιαρόν·
452 2518 486 2582 ἀν
511 2519 538 2582 δ’
563 2520 691 2602 ἀχαϊκδν
713 2517 787 2602 δόρυ

112 2603 391 2688 Γλώσσηςθερίζοι
416 2605 535 2687 φοινίας
557 2602 663 2684 ἐναγὲς
683 2604 774 2686 κοίρα,

112 2691 151 2755 §b
175 2690 203 2754 δ’
230 2686 269 2752 αὐ
292 2685 386 2774 βιιγίιγς
408 2692 469 2757 σῶς
489 2689 520 2751 ἐν
544 2688 668 2750 εὐεστοῖ
686 2689 784 2770 φιλος.

113 2775 187 2840 Θεδν
212 2776 265 2858 μὲν
291 2776 365 2836 αἰτῶ
390 2777 445 2855 σῆς
468 2773 648 2855 ἀπαλλαγὴν
672 2772 776 2849 νόσου,

112 2859 247 2945 Πυρετοῶ
269 2880 301 2920 τε
324 2858 406 2941 λῆξιν
428 2860 479 2921 καὶ
501 2865 603 2920 κακῶν
627 2857 838 2943 ἀποστροφὴν,

108 2944 142 3010 'E
165 2968 210 3014 οις
233 2944 268 3006 δὲ
289 2942 494 3089 πλουθυγίείαν
517 2942 568 3026 ἠδ’
591 2942 764 3025 εὐπραξίαν.

106 2970 209 3115 “λίόως
229 3051 262 3092 τε
284 3029 389 3112 χαίροι
442 3027 589 3094 αστανεύς
605 3026 762 3113 Ἀβέννιος

109 3116 226 3184 Ἀωτος
250 3114 343 3198 ἀκρος
364 3111 518 3193 εὐγενείας
540 3108 698 3193 Κελτικῆς.

205 1106 220 1166 ρ
245 1080 454 1147 ἀντίπλουτος.
479 1104 509 1143 εν
532 1079 601 1143 τόδ’
624 1080 796 1165 ἠχθέσθην,
820 1080 865 1143 ότι

133 3300 180 3357 δί.
221 3297 398 3370 Ιατοτίρίυια
422 3293 510 3369 Operi
531 3295 566 3349 de
584 3289 795 3348 Ειαοαάαιίοιιο
817 3287 994 3360 Τοιοροτοια.

116 3377 152 3442 Σὲ
171 3382 222 3444 τὸν
245 3374 385 3440 παθόντα
407 3374 461 3442 τάς
481 3371 704 3458 χρονογροίφων
726 3367 845 3452 φθορὰς

118 3463 238 3548 ἔστησεν
260 3464 305 3530 εἰς
324 3462 358 3523 τδ
379 3461 505 3523 κοίλλιον
528 3457 643 3541 χάρτης
666 3453 730 3516 όδε.

119 3548 150 3612 οὐ
172 3549 202 3613 δ’
228 3549 258 3611 οἱ
279 3547 332 3613 δδς
354 3542 444 3629 αὖθις
462 3543 551 3625 αἰανῆ
572 3538 684 3625 χρόνον
706 3533 819 3622 Χρόνε.
