2586 4214
673 372 735 432 340

247 541 288 601 Et
307 541 480 600 obstetricis
503 559 572 603 rore
595 560 703 619 corpus
726 544 864 621 tingeret.

249 624 311 687 Sed
333 627 474 685 crudete
496 626 536 685 ad
558 627 718 705 sponsalia
739 636 769 687 et
791 629 936 687 connubii

248 709 343 772 Sacra
366 711 541 772 admovebit
562 711 654 773 durus
674 713 793 791 lpbidis
817 712 879 786 leo,

179 793 230 849 335
247 799 341 855 Attae
362 796 498 873 parentis
520 797 689 857 aemulatus
710 799 827 857 februa.

246 879 388 957 Namque
410 882 442 940 in
466 882 588 959 capacis
609 890 714 943 ventre
732 890 869 943 mactans
888 883 1000 944 navias

246 968 362 1028 Bovem
384 966 545 1027 infulatam
569 967 661 1033 draco
683 987 834 1045 supensus
853 968 978 1044 impius,

246 1052 373 1131 Iugulae
392 1053 528 1130 tripatris
552 1051 658 1111 caedet
679 1055 757 1112 hanc
778 1052 947 1127 ornacum,

246 1138 353 1197 Priora
372 1138 554 1199 confedusta
574 1138 651 1198 daus
673 1138 769 1215 birpis
794 1157 891 1198 sacra.

180 1225 232 1280 330
249 1226 290 1282 At
307 1231 519 1300 mancupatam
540 1230 570 1281 te
592 1224 624 1284 in
646 1224 756 1300 supino
776 1222 875 1282 littore

249 1308 401 1367 Thracum
423 1308 548 1382 lapitam
570 1307 755 1368 funditorum
774 1309 906 1368 iactibus

250 1391 444 1453 Conviciosis
465 1393 643 1468 percitorvia
663 1393 781 1452 iniuriis

248 1477 426 1536 Abscondat
443 1476 540 1534 imber
561 1496 673 1538 saxeus
695 1478 892 1549 manualium,

247 1561 339 1620 Pulla
362 1563 506 1621 hirriunte
528 1564 664 1621 membra
680 1571 827 1623 mutatam
848 1580 932 1622 cane.

180 1647 231 1704 335
248 1651 308 1707 Ast
325 1648 364 1707 ad
383 1647 518 1706 bidental
535 1649 655 1707 Anxuri
673 1648 832 1708 domestici

249 1733 380 1794 Ornabit
400 1733 478 1793 albis
503 1734 594 1792 annis
618 1733 803 1810 crepidinem

249 1817 370 1879 Sororis
390 1819 462 1876 olim
484 1818 567 1877 lutea
585 1818 735 1877 calantica

248 1902 427 1975 Redemtus‚
449 1910 549 1962 ustmn
573 1921 640 1961 cum
660 1903 774 1961 rediret
796 1902 937 1979 petriam,

248 1988 345 2046 Vetus
369 1988 504 2047 tenebris
527 2006 640 2046 nomen
660 1989 792 2047 obruens
815 2006 919 2046 suumz

181 2074 233 2128 340
250 2072 312 2133 Ubi
330 2091 430 2148 rupex
450 2072 600 2148 hirtipilus
620 2073 708 2149 ignes
728 2072 844 2131 indices

250 2156 364 2213 Terrae
386 2156 522 2234 parentis
540 2157 692 2216 indicator
713 2158 847 2235 perfidus

249 2242 382 2314 Lucens,
402 2241 551 2300 caballum
574 2250 664 2319 geute
686 2249 903 2319 praegnantem
926 2241 1049 2302 hostica

249 2326 426 2400 Pertundas,
449 2326 527 2386 altas
551 2327 666 2387 ventris
687 2329 825 2405 impagcs
843 2327 982 2388 trahens:

249 2413 291 2471 Et
313 2411 483 2489 Sisypbeae
504 2412 602 2489 volpis
625 2420 742 2472 astutus
764 2420 832 2471 cato

183 2502 233 2580 3l5
249 2498 379 2557 Lucebit
401 2498 510 2556 ardens
534 2497 620 2556 triste
639 2499 797 2571 lucubrum
819 2514 913 2573 nepos

250 2583 453 2659 Leucophryn
474 2590 540 2640 atra
560 2590 650 2641 nocte
672 2583 895 2660 navigantibus,

250 2667 452 2725 Infanticidac
474 2675 504 2724 et
525 2666 642 2727 insulas
665 2669 740 2726 duas
762 2669 847 2726 boue.

249 2754 309 2813 Ast
329 2753 400 2829 ipsa
423 2751 590 2811 abhorrens
612 2755 766 2828 pronubas
786 2751 891 2811 taedas
913 2769 969 2829 ego

248 2838 287 2896 In
307 2838 392 2897 aedis
412 2843 495 2896 atrae
516 2836 652 2914 scrupeis
674 2838 865 2896 conclavibus

181 2928 234 2984 350
252 2923 348 2982 Tecto
371 2923 502 2980 carentis
527 2930 558 2980 et
578 2923 714 2981 lacunari
735 2923 843 2982 domus

250 3008 455 3067 Tenebricoso
475 3008 611 3066 membra
634 3025 773 3086 mergens
795 3024 927 3077 carcere,

249 3092 420 3167 Ptoumque
445 3091 666 3169 Semonemque
690 3094 889 3151 Vertumnum
909 3089 1010 3149 Deum

249 3177 372 3256 Fugans
393 3197 492 3235 amors
513 3185 633 3254 captum
657 3179 694 3235 ab
716 3179 844 3255 innupto
865 3184 943 3249 toro,

250 3262 409 3338 Tanquam
431 3263 514 3338 potis
535 3263 656 3339 signata
674 3262 823 3340 perpetim
844 3262 911 3320 fore

182 3354 234 3410 sot
252 3345 395 3409 Summae
417 3348 456 3405 ad
475 3355 615 3406 senectae
634 3354 765 3423 tempus,
784 3348 916 3405 innubae
935 3344 1061 3404 aemulo

248 3432 321 3491 Ritu
338 3433 493 3491 Minervae
516 3430 653 3491 Gorneae
672 3432 838 3506 Feretriae,

249 3518 298 3580 Ad
316 3517 444 3576 volturis
469 3517 610 3579 columba
628 3525 701 3576 tunc
721 3516 829 3594 raptim
851 3524 948 3575 torum

248 3602 404 3679 Exauguis
425 3600 491 3675 ales
513 3620 613 3679 ungue
634 3601 734 3679 picato
754 3602 869 3675 trahar,
