2502 4218
650 330 800 483 ‚Q

268 549 368 616 Οὐδὲν
388 547 572 634 γλοκότιρόν
598 550 688 629 ἐστιν,
707 553 727 637 ἢ
748 551 836 616 πάντ’
860 551 986 617 εἰδέναι.

268 634 373 705 Οὐδὲν,
391 635 514 719 γορίνοο
538 635 636 720 βατρά
659 659 695 700 οο
720 640 845 723 σοφώτε
886 660 912 706 ς.

268 718 368 787 Οὐδέν
391 718 547 785 λέλειπται
568 661 733 806 τῶνξμῶν
757 722 827 786 οὐδ’
865 745 994 808 γκαφος.

268 803 369 871 Οὐδὲν
390 803 549 872 πέπονθας
570 804 681 883 δεινὸν,
703 807 731 869 εί
754 807 795 890 μὴ
819 813 994 893 προσποιεῖ.

268 887 368 956 Οὐδὲν
393 887 426 952 σ’
445 888 550 972 ὀνήσει
572 890 693 976 βολβός,
715 889 751 954 ἂν
775 891 817 974 μὴ
840 891 927 976 νεῦρ’
952 890 1037 977 έγης.

268 971 367 1039 Οὐδὲν
392 976 502 1057 φρονεῖ
523 973 639 1039 δίκαιον
664 974 798 1044 ἐστυκὼς
818 975 906 1059 ἀνήρ.

268 1054 348 1123 οὀθ’
372 1059 513 1141 ἡλιοόται
535 1062 703 1137 παντελῶς,
727 1057 799 1124 οὔθ’
825 1060 920 1123 όεται.

268 1140 334 1208 Οὐκ
354 1140 390 1204 ἂν
413 1141 531 1224 γένοιτο
550 1146 684 1227 χρηστὸς
707 1143 741 1208 ἐκ
763 1149 860 1208 κακοῦ
882 1144 1006 1231 πατρός.

268 1224 334 1292 Οὐκ
354 1223 390 1293 ἂν
415 1225 537 1309 μόροισι
552 1233 647 1310 γραιῖς
669 1227 754 1292 έοόσ’
777 1229 921 1314 ἠλείφεο.

268 1307 334 1375 Οόκ
358 1308 393 1373 ἂν
418 1310 515 1372 πάθοι
534 1312 669 1396 τάριχος,
693 1313 794 1398 ὧνπερ
821 1312 914 1384 ἄξιος.

271 1390 337 1458 Οδκ
360 1394 421 1477 εἰμὶ
444 1393 570 1458 τοότων.
594 1399 653 1459 τῶν
676 1397 733 1482 γὰρ
755 1399 868 1482 ἡρώων
893 1397 966 1481 ἐγὼ,

309 1483 422 1541 κακοῦν
447 1478 578 1562 ἑτοίμων
601 1483 728 1563 μᾶλλον,
750 1483 770 1566 ἦ
795 1481 976 1568 εὐεργετεῖν.

268 1557 334 1625 Οδκ
354 1560 416 1625 ἔστ’
441 1561 456 1623 ἐ
482 1563 515 1626 δν
536 1565 570 1627 τὸ
591 1570 726 1649 πρᾶγμα,
747 1566 849 1630 πολλὰ
870 1566 1016 1651 χαιρέτω.

268 1643 334 1711 Onu
356 1587 579 1718 έστιίδειθοῦς
601 1650 681 1733 ἱερὸν
704 1649 793 1728 ἄλλο,
812 1651 891 1734 πλὴν
915 1650 1016 1735 λόγος.

268 1726 334 1794 Οὐκ
357 1730 435 1795 ἔστιν
460 1731 542 1801 ὅστις
562 1735 649 1797 πάντ’
671 1734 748 1821 ἀνὴρ
771 1735 960 1819 εὐδαιμονεῖ.

268 1811 334 1879 Οὐκ
379 1816 445 1895 θος,
468 1816 549 1880 ἀλλὰ
572 1819 625 1903 τὴν
649 1820 698 1904 τρί
722 1818 729 1844 ’
754 1820 898 1884 ἀλλάττει
919 1819 1021 1891 λόκος.

262 1895 337 1984 Ὀψ’
383 1900 465 1977 λθες,
487 1902 568 1964 ἀλλά
589 1903 617 1984 γ’
643 1842 852 1972 είςόίολωνδν
877 1905 954 1968 ῖεσο.

267 1981 385 2065 Πάγαις
404 1984 531 2068 ἀλώπηξ
556 1984 646 2055 αὖθις
666 1987 725 2072 οὐχ
745 1989 911 2055 ἁλίσκεται.

267 2065 372 2131 Πάλαι
393 2067 463 2131 ποτ’
485 2067 564 2152 ἦσαν
588 2069 712 2154 ἄλκιμοι
734 2069 891 2156 Μιλήσιοι.

268 2149 523 2236 Παλινδρομῖησαι
546 2156 674 2236 μᾶλλον,
696 2157 715 2241 ἣ
736 2161 840 2225 κακῶς
860 2159 998 2243 δραμεῖν.

267 2237 332 2303 Πᾶν
353 2258 399 2298 τοι
421 2236 585 2320 γενόμενον
609 2239 769 2304 κατθανεῖν
792 2241 961 2327 ὀφείλεται.

268 2319 358 2403 Παρὰ
384 2320 438 2404 μὲν
463 2321 624 2385 θάλασσαν
636 2326 812 2410 περίπατος,
825 2328 910 2412 παρὰ
927 2332 983 2412 γῆν
998 2327 1058 2395 δ’ὁ
1073 2331 1170 2394 πλοῦς.

267 2406 334 2473 Ποῖς
356 2404 420 2467 ἐστι
434 2406 537 2492 δούλῳ
562 2408 712 2492 δεσπότης
733 2411 976 2499 μσνοσόλλαβος.

266 2489 392 2574 Ποίσησι
413 2492 614 2575 κοροδαλοῖσ’
639 2493 752 2558 ἐνεῖναι
772 2495 832 2580 χρὴ
855 2496 964 2581 λόφον.

201 2616 205 2622 -
267 2573 479 2643 Παταικίωνος
500 2582 811 2665 σοκοφαντιιιώτερος.

267 2657 317 2723 Πα
338 2661 388 2720 εῖα
408 2659 523 2743 γαστὴρ
547 2664 657 2726 λεπτὸν
681 2664 717 2727 οὐ
737 2666 828 2728 τίκτει
849 2663 930 2728 νόον.
1016 2667 1169 2754 [παχεῖαί]

267 2681 355 2825 Πείῇ
376 2743 503 2827 βαδίζω.
525 2749 585 2809 νεῖν
608 2747 666 2833 γὰρ
689 2748 745 2812 οίικ
767 2749 941 2832 ἐπίσταμαι.
1136 2746 1141 2767 ”

267 2825 389 2890 Πείθειν
410 2826 468 2911 γὰρ
491 2827 557 2893 οίδε
580 2833 631 2894 καί
652 2831 772 2916 πέφυκε
792 2833 833 2917 μὴ
856 2832 967 2914 λέγων.

267 2908 415 2974 Πεινῶντι
443 2912 581 2978 κλέπτειν
605 2913 666 2978 ἔστ’
692 2917 866 2999 ἀναγκαίως
889 2915 973 3004 ἔχον.

267 2992 364 3058 Πενία
385 2995 442 3081 γάρ
465 2997 582 3083 ἐστινὴ
607 3000 726 3083 τρόπων
750 3002 944 3073 διδάσκαλος.

267 3076 380 3142 Πέπων
405 3080 503 3164 ἐρινὸς
523 3087 681 3153 παντελῶς
703 3085 830 3171 ἀχρεῖος
853 3087 895 3150 ὤν

310 3164 354 3233 είς
374 3167 499 3251 βρῶσιν,
522 3166 636 3237 ἄλλους
660 3169 839 3253 ἐξερινάζεις
862 3170 945 3258 λόγῳ
953 3197 963 3249 ;
1234 3252 1235 3259 φ

267 3245 433 3333 Περνῶντα
456 3250 506 3313 τὸν
528 3253 696 3337 χαραδριὸν
724 3255 920 3339 μιμούμενος.
1234 3262 1235 3349 γ

267 3329 395 3395 Πίνοοσ’
417 3334 547 3419 όμίχλην
569 3340 624 3419 τῆς
643 3340 791 3486 πονηρίας
815 3341 917 3406 κακοί.

266 3412 382 3484 Ποθεῖς
397 3417 448 3479 τδν
472 3418 509 3481 οδ
528 3418 666 3505 παρόντα
686 3446 725 3489 κα
758 3426 853 3508 μάτην
874 3429 988 3496 καλεῖς.
1232 3364 1234 3505 Ι

154 3563 158 3571 ,
267 3495 555 3588 Πόλεως’ἁλοόσης
576 3505 686 3576 πάντες
708 3505 747 3572 αδ
770 3511 903 3595 φροῦδοι
924 3510 1002 3576 θεοί.

267 3580 368 3647 Πολιὰ
389 3583 503 3669 χρόνου
525 3588 661 3672 μήνυσις,
683 3591 719 3656 οδ
743 3594 933 3679 φρονήσεως.
