2502 4218
472 321 621 416 „¹34⁶-

174 484 349 570 [Ιαροιμίας
371 486 424 569 μὲν
446 484 534 571 ἔργον
557 486 622 551 ἔστι
641 487 797 570 συλλέγειν

173 567 235 635 Καὶ
257 575 318 633 τῶν
339 568 507 654 τυχόντων·
532 573 666 655 ἐκλέγειν
690 573 735 648 δὲ,
758 579 817 635 τῶν
840 580 958 659 σοφῶν.

395 736 474 802 Ἀπὸ
501 740 686 825 ἑξαμέτρων.

80 820 123 886 Ἀ
148 821 378 907 φιλοχρηματία
401 821 543 907 Σπάρταν
566 825 646 899 ἕλοι,
669 824 747 887 ἄλλο
773 827 808 889 δὲ
829 826 931 893 οὐδέν.

80 905 205 971 Ἀέτιον
228 912 326 990 γῆρας
349 907 483 990 κορύδου
506 908 649 992 νεότητος
669 909 806 993 ἄμεινον.

85 992 183 1074 Αἰγδς
204 991 408 1075 έπιπρητὴνος
429 992 563 1076 ἐρυθροῦ
586 995 670 1077 πήρη
695 995 813 1077 ἀρίστη.

87 1077 193 1145 Αἰδὼς
216 1075 273 1143 οὐκ
292 1074 395 1158 ἀγαθὴ
418 1076 601 1162 κεχρημένῳ
619 1080 705 1162 ἀνδρὶ
727 1079 869 1162 παρίκτη.

86 1163 158 1225 Atel
179 1159 210 1222 δ)
238 1161 324 1243 ἀνδρὶ
346 1160 467 1242 γέροντι
490 1162 561 1224 νέαν
582 1165 769 1247 ποτιβοίλλεο
794 1165 919 1249 κούραν.

86 1248 157 1309 Αἰεὶ
178 1244 346 1308 τοιούτοισι
370 1244 538 1328 διωκοίμην
561 1246 734 1329 πολέμοισι.

89 1330 146 1401 Αἲξ
169 1329 259 1393 οὔπω
278 1327 410 1405 τέτοκεν,
435 1328 541 1414 ἔριφος
563 1331 589 1393 δ’
614 1332 663 1394 ἐπὶ
687 1334 816 1417 δώματα
838 1333 948 1406 παίζει.

90 1414 224 1500 Αἰσχρύν
249 1436 297 1475 τοι
318 1412 411 1497 δηρύν
434 1437 468 1476 τε
489 1414 602 1498 μένειν,
621 1415 725 1479 κενεύν
749 1441 781 1481 τε
803 1417 937 1483 νέεσθαι.

83 1498 232 1583 Ἀκλητοι
251 1498 348 1561 δειλοί
371 1498 496 1579 ἀγαθῶν
520 1500 569 1562 ἐπὶ
590 1503 696 1570 δαῖτας
718 1501 790 1566 ἴασι.

85 1583 202 1668 Ἀκμὴν
228 1582 376 1665 ἑπταέτης
400 1583 442 1645 ῶν
468 1583 524 1647 οὐκ
546 1585 700 1669 ἀνέφυσεν
723 1585 860 1655 ὀδόντας.

86 1665 186 1732 Ἀλλοί
208 1690 244 1749 γε
265 1668 356 1730 σιτίον
380 1667 416 1729 ἐκ
435 1667 580 1752 καθαρῶν
606 1670 731 1774 ἀχύρων
754 1670 860 1754 τετρύγ
883 1693 947 1739 κατ.

86 1752 184 1825 Ἀλλὰ
207 1756 403 1835 προσωπεῖον
426 1752 480 1833 μὲν
502 1751 595 1837 ἔχεις,
616 1777 715 1835 γυναι,
737 1754 773 1817 οίι
798 1694 1000 1838 ἰπρθσωπον.

86 1838 217 1902 Ἀλλοτε
240 1835 268 1898 δ’
294 1837 419 1899 ἀλλοῖον
441 1836 577 1900 τελέθειν
600 1838 651 1900 καὶ
673 1778 923 1922 χῶραέπεσθαι.
994 1860 996 1867 ’

84 1921 216 2027 ’Ἀλλοτε
239 1922 370 2004 μητρυιὴ
393 1919 482 1983 πέλει
503 1921 617 2006 ὴμέρη,
642 1921 755 1987 ἀλλοτε
776 1925 886 2030 μήτηρ.

99 2006 176 2072 Αλλ’
202 2005 292 2069 οὐδὲν
314 2007 384 2089 περὶ
406 2006 456 2069 τδν
481 2008 586 2091 βωμὸν
611 2009 661 2070 δεῖ
678 2007 731 2076 τὰς
753 2007 898 2078 ἐπινοιας.

86 2088 176 2156 Ἀλλ’
197 2091 256 2154 ύπδ
279 2092 368 2152 παντὶ
387 2090 466 2176 λίθιμ
485 2093 536 2155 καὶ
558 2093 652 2178 βώλῳ
674 2094 818 2175 σκορπίος
840 2094 934 2159 εύδει.

88 2175 277 2259 Ἀνδροίποδ
291 2175 326 2237 ἐκ
347 2175 492 2259 Φρυγίης,
517 2176 551 2239 ἐκ
571 2178 601 2239 δ’
620 2177 787 2261 Ἀρκαδίης
809 2178 1001 2264 ἐπικούρους.

88 2261 192 2344 Ἀνδρὶ
216 2258 240 2322 Γ
242 2259 383 2344 εφυραίιμ
406 2259 490 2329 οἶκος
514 2261 612 2345 φίλος,
635 2262 718 2329 σίκυς
737 2261 868 2346 ἀριστος.

86 2345 168 2411 Ἀντ’
192 2344 370 2427 εὐεργεσίης
389 2342 605 2428 Ἀγαμέμνονα
625 2351 709 2408 τῖσον
731 2346 865 2430 Ἀχαιοί.

88 2428 260 2516 Ἀργαλέον
282 2427 453 2512 φρονέοντα
471 2430 549 2512 πάρ’
572 2429 686 2514 ἄφροσι
713 2428 807 2491 πόλλ’
831 2430 1003 2513 ἀγορεύειν.

86 2513 269 2600 Ἀργυρέαις
289 2513 432 2596 λύγχαισι
459 2514 573 2598 μάχου,
597 2516 649 2577 καὶ
667 2515 765 2577 ποίντα
785 2515 989 2598 δαμοίσ[σ]εις.

86 2599 253 2685 Ἀρκαδίην
281 2598 313 2679 μ’
337 2599 440 2674 αἰτεῖς,
463 2597 590 2683 μέγαρ’
616 2600 718 2667 αἰτεῖς.
746 2597 783 2662 ού
805 2621 852 2663 τοι
875 2601 981 2664 διίισω.

85 2685 203 2769 Ἀρχὴν
228 2684 333 2745 ἰᾶσθαι
354 2683 434 2746 πολὺ
458 2685 563 2760 λώϊον,
586 2684 624 2768 ὴὲ
646 2684 801 2766 τελευτήν.

84 2769 243 2834 Ἀισονται
264 2765 332 2830 τύτε
354 2767 469 2843 κύκνοι,
492 2766 563 2831 ὅταν
589 2773 694 2851 σιγῶσι
714 2770 843 2833 κολοιοί.

88 2853 225 2935 Αύγοίζω
248 2852 325 2936 πρδς
340 2848 502 2935 Ὄλυμπον
526 2854 715 2938 ἀταρβήτησι
734 2857 925 2937 προσωπαῖς.

88 2939 259 3022 Αύτοίρκων
285 2936 477 3020 εὐδαιμονίη,
501 2939 586 3022 φιλίη
606 2938 640 3001 δὲ
663 2938 808 3022 βεβαίων.

89 3023 207 3089 Αὐτίκα
229 3021 280 3084 καὶ
305 3020 385 3131 φυτὰ
407 3022 498 3103 δὴλα,
523 3023 560 3086 τὰ
584 3021 691 3105 μέλλει
714 3022 840 3105 κοίρπιμ’
864 3021 1001 3087 ἔσεσθαι.

90 3108 268 3191 Αύτύματοι
293 3106 309 3167 δ
344 3106 457 3187 ἀγαθοὶ
480 3107 604 3189 ἀγαθῶν
628 3105 678 3168 ἐπὶ
702 3106 807 3174 δαῖτας
830 3104 903 3171 ίασι.
992 3122 997 3133 ·

89 3188 186 3276 Βαίτη
211 3190 263 3253 καὶ
287 3188 397 3273 θέρεος
416 3190 467 3252 καὶ
487 3189 633 3274 χείματύς
652 3189 731 3252 ἐστιν
755 3189 873 3272 ἀρίστη.

90 3275 232 3361 Γαστέρα
257 3297 310 3358 μοι
330 3273 501 3358 προφέροις
525 3278 686 3338 κάλλιστον
708 3273 826 3341 ὄνειδος
847 3274 1002 3339 ἁπάντων.

125 3360 168 3427 Ἡ
188 3360 310 3444 πλήρης
330 3359 384 3442 μὲν
409 3358 615 3443 ἐλαφροτάτη,
630 3359 721 3441 κενεὴ
743 3359 778 3421 δὲ
799 3359 919 3443 βαρεῖα.

90 3445 228 3532 Γαστρδς
252 3444 313 3506 ἀπὸ
337 3443 446 3525 πλείης
469 3444 566 3528 βουλὴ
589 3445 639 3507 καὶ
661 3448 747 3527 μῆτις
770 3443 893 3525 ἀρείων.

89 3530 112 3596 Γ
113 3533 249 3612 λαύκ’[,]
268 3527 430 3613 ἐπίκουρος
448 3527 524 3613 ἀνὴρ
538 3527 647 3592 τόσσον
662 3528 751 3613 φιλος
764 3525 796 3596 ἔς
807 3550 840 3591 τε
852 3529 1004 3614 μάχηται.
