2532 4216
14 626 22 757 p

455 330 607 427 -r-a-

80 500 118 557 At
137 499 335 573 quodcunque
355 497 421 571 fuit,
442 501 572 577 siquod
593 502 660 577 fuit,
677 521 767 561 omne
788 500 905 561 doloris

81 581 226 643 Sardibus
249 582 395 657 obsoluit,
415 604 514 662 nsque
535 587 597 645 iam
618 586 831 663 splendescere
853 586 935 663 cultu

81 666 217 737 Sustinet
234 666 402 746 ingenium,
425 670 537 747 duplici
558 672 641 747 quod
665 671 770 730 funere
789 672 904 730 sensim

79 752 187 811 Efferri
206 751 372 813 sentimus:
396 755 492 815 hebes
510 776 580 815 nam
602 756 733 815 luctibus
756 756 826 814 binc
847 766 904 829 est,

79 836 157 896 Hinc
180 838 279 914 ipsum
302 837 425 915 frangit,
446 859 524 915 quae
544 842 658 919 frangit
670 848 788 913 cuncta,
811 850 967 902 senectusz

78 921 119 982 Ut
138 922 292 998 quondam
315 923 403 984 senio
425 925 532 985 mam
555 928 687 986 faciente
710 925 839 985 dehiscit

79 1006 142 1064 Iam
167 1008 263 1085 putris
285 1007 402 1083 paries:
427 1011 551 1088 proprio
573 1032 647 1071 mox
666 1010 802 1088 pondere
823 1018 950 1070 tractum

79 1091 114 1150 In
134 1092 320 1168 proclinatas
343 1103 538 1170 prosternunt
558 1098 682 1156 flamina
703 1103 816 1174 partes.

83 1173 203 1237 Scilicet
227 1177 375 1254 exequias
398 1188 500 1239 vestro
523 1181 567 1241 sic
588 1183 633 1240 ire
653 1181 770 1258 parenti

81 1259 147 1320 llac
169 1282 224 1340 ope
247 1262 392 1337 nitentes,
415 1266 473 1323 hac
495 1267 592 1326 cultos
616 1274 717 1325 mente
738 1264 874 1324 iubetis?

79 1344 216 1422 Namque
240 1367 279 1405 ex
300 1365 359 1422 quo
380 1350 435 1407 tali
457 1369 510 1409 vos
535 1354 626 1412 orbos
649 1359 734 1429 patre
754 1349 876 1424 reliquit

83 1429 179 1509 Nigra
199 1432 280 1505 dies,
301 1435 383 1511 turpi
403 1435 522 1494 macula
543 1456 620 1512 quae
644 1436 727 1496 secla
747 1443 855 1494 notare

81 1514 149 1575 Non
171 1518 268 1577 verita
288 1527 346 1591 est,
373 1528 458 1580 tanto
483 1521 553 1579 dum
574 1523 673 1597 privat
696 1521 795 1581 sidere
816 1519 969 1592 mundum,

81 1600 129 1658 Ex
150 1602 203 1660 hoc
222 1601 308 1660 nulla
329 1603 403 1662 mihi
420 1605 591 1664 diffundunt
608 1607 719 1684 gaudia
738 1605 870 1664 vultum:

82 1684 120 1743 Et
141 1705 216 1762 qnae
238 1698 310 1747 sunt
331 1689 438 1749 solitae
458 1691 551 1769 vulgo
571 1692 668 1749 lenire
689 1689 839 1749 dolorem.

82 1769 139 1828 Vel
156 1772 243 1844 ratio,
267 1772 317 1830 vel
336 1773 430 1853 longa
454 1776 531 1850 dies,
552 1777 658 1833 harum
681 1774 778 1832 altera
799 1781 901 1847 tantae

83 1854 216 1915 Iacturae
238 1858 378 1917 meritum
401 1860 495 1918 menti
517 1861 636 1920 obiicit:
659 1860 755 1918 altera
772 1859 865 1934 longo

84 1937 222 2003 Carnifici
246 1959 336 2000 curae
353 1945 433 2004 vires
452 1947 580 2022 acquirit
601 1946 639 2004 ab
660 1965 746 2004 aevo.

84 2023 193 2085 Ultima
215 2028 373 2087 restabant
394 2031 495 2091 animo
516 2032 628 2091 solatia
649 2032 740 2104 victo,

86 2108 163 2184 Quas
187 2131 207 2169 a
228 2129 278 2169 me
300 2114 434 2192 exigitis,
456 2135 554 2192 neque
576 2137 625 2175 me
649 2117 759 2175 debere
781 2115 908 2186 fatebor,

85 2193 193 2256 Dulces
211 2195 362 2272 Pierides,
386 2220 553 2278 generosae
575 2202 689 2280 pabula
711 2200 820 2259 mentis

86 2277 232 2342 Suavibus
252 2282 284 2351 in
304 2284 413 2344 studiis
435 2286 599 2346 Heliconia
619 2306 707 2346 sacra
728 2283 869 2345 colentis:

86 2363 149 2440 Qua
170 2386 235 2425 non
254 2376 302 2426 est
319 2370 419 2436 animo
440 2372 538 2447 potior
558 2372 708 2430 medicina
728 2367 865 2439 tumenti,

86 2449 181 2525 Quum
202 2452 289 2510 dolor
309 2455 440 2531 egeritur
461 2455 605 2529 lacrimis,
630 2455 841 2533 explendaque
866 2453 937 2509 fletu

86 2534 163 2596 Oura
183 2537 269 2595 novis
286 2538 340 2599 iris
364 2559 471 2599 omnes
493 2542 621 2600 effundit
640 2542 785 2600 habenas.

87 2619 143 2682 Sed
163 2640 222 2681 nos
245 2623 401 2683 Musarum
424 2636 573 2686 secretum
594 2626 680 2685 triste
704 2631 842 2701 petentes

85 2704 197 2767 Nescio
219 2707 288 2781 quis
306 2729 420 2786 pravae
441 2712 609 2773 dulcedinis
629 2711 736 2769 efferat
756 2729 849 2781 error,

85 2790 228 2855 Absentis
250 2812 403 2855 memores
425 2797 521 2874 figens
542 2799 573 2856 in
596 2797 727 2875 imagine
748 2811 874 2856 sensus:

87 2877 144 2955 Qui
162 2876 234 2935 dum
255 2881 411 2955 praeteriti
433 2884 586 2943 convictus
608 2889 761 2960 computat
781 2879 859 2950 aevi,

85 2967 182 3039 Atque
203 2963 264 3023 sibi
288 2965 442 3027 blanditus
466 2968 496 3026 in
519 2968 600 3027 omni
620 2967 738 3043 quaerit
759 2966 888 3023 amioum

86 3048 241 3108 Historiae
260 3050 392 3125 cumulo,
413 3054 472 3110 heu
492 3055 610 3128 quoties
632 3046 875 3127 obiecta'fignris

85 3134 173 3193 Lusit
193 3132 375 3196 amabilibus
397 3156 548 3198 memores
572 3139 693 3197 insania
715 3133 844 3194 sensus?

85 3218 164 3278 Nam
182 3238 359 3296 quocunque
382 3241 467 3282 meos
489 3225 650 3284 circunfert
670 3221 759 3279 lectio
780 3219 876 3288 visus,

86 3303 146 3366 Seu
165 3323 256 3380 quem
277 3306 412 3366 iustitiae
431 3307 528 3382 dotes,
550 3317 601 3367 aut
623 3307 721 3386 gratia
739 3323 868 3374 morum,

84 3394 145 3450 Aut
165 3391 242 3449 iuris
265 3394 456 3451 commendat
478 3413 568 3471 apex,
588 3402 641 3453 aut
661 3391 760 3470 gloria
779 3389 912 3467 linguae,

85 3476 198 3536 Unicus
222 3478 352 3536 occurrit
372 3478 462 3538 nobis
482 3480 638 3538 Puteanus
662 3474 774 3535 inillis

85 3560 243 3641 Exemplis
269 3561 425 3623 decorum:
448 3566 520 3642 quia
538 3583 626 3640 quem
650 3568 796 3639 congesta
818 3560 945 3620 decebat
