2586 4214
548 349 610 409 289

123 519 152 577 2.
198 515 343 593 Quirini
366 516 541 577 excessisse
560 519 683 578 modum
705 536 740 578 se
761 518 914 596 postulat:
935 521 1035 599 impos

163 602 221 660 Est
241 601 345 675 animi,
366 601 488 680 linguae
511 611 559 662 est
574 603 674 680 impos
699 611 729 661 et
749 604 803 662 ille
825 623 908 664 suae.

121 690 220 762 Atque
243 687 390 764 oggannit
407 686 521 762 inepta,
535 696 576 745 -et
597 708 674 764 quae
696 688 874 765 turpissima
892 690 994 762 siccis,

163 770 217 831 Nil
240 779 271 828 et
291 771 495 848 inexpertum,
517 774 588 830 dum
610 773 711 831 madet
730 774 810 850 ipse,
831 774 907 832 finit.

121 858 223 915 Mente
243 856 327 932 prius
350 875 486 934 compos,
508 865 579 916 tunc
602 859 818 936 infans..Ergo
841 866 993 918 memento

163 942 247 1000 Intra
268 940 436 1019 legitimum
459 952 579 1001 sumere
602 945 675 1002 vina
698 943 832 1002 modum.

123 1024 220 1103 Surge
242 1025 325 1101 prius
347 1045 436 1101 quam
458 1046 545 1087 meus
568 1028 639 1087 vino
660 1029 838 1105 deponitur:
861 1034 961 1102 etue,

163 1111 206 1171 Ut
227 1111 366 1169 mercede
387 1131 519 1185 merens,
542 1121 647 1171 ventre
668 1115 800 1186 trahare,
821 1112 900 1171 vide.

123 1281 153 1340 3.
195 1281 359 1339 Mensurae
380 1280 493 1341 oblitos
518 1283 581 1340 vini
601 1283 648 1342 vis
669 1294 801 1360 sumpta,
824 1283 995 1341 modestum

163 1365 205 1423 Et
226 1365 361 1439 stultum,
385 1384 499 1426 vacuos
521 1367 631 1426 mentis
653 1375 800 1442 utrosque
821 1368 904 1425 facit.

122 1452 348 1528 Argentumque
370 1469 535 1527 aurumque
555 1453 717 1529 explorant
734 1453 805 1530 igne
827 1452 932 1528 periti:

165 1538 224 1595 Ast
241 1535 393 1594 hominum
414 1536 507 1594 nudat
526 1538 635 1596 mentis
660 1544 766 1613 operta
786 1556 903 1594 merum

122 1620 267 1694 Quamvis
292 1620 484 1698 prudentum,
504 1622 668 1697 vitiumque
690 1622 844 1680 examinat
863 1639 964 1692 omne,
986 1628 1017 1678 et

164 1706 224 1765 Vel
247 1706 343 1765 cautis
364 1707 494 1765 rubeant
514 1726 568 1764 ora
588 1707 716 1783 pudore,
737 1706 818 1763 facit.

121 1792 203 1851 Vina
221 1799 310 1867 caput
325 1791 400 1848 mihi
422 1791 603 1862 concutiunt,
627 1789 836 1851 Onomacrite:
860 1789 923 1866 agit
943 1806 992 1846 me

162 1876 291 1935 Vinum:
313 1894 370 1934 neo
389 1876 501 1935 mentis
526 1885 573 1934 sat
597 1878 676 1934 bene
699 1893 826 1951 compos
849 1892 916 1951 ego.

122 1961 200 2020 Tota
221 1961 330 2019 domus
349 1961 461 2018 circum
481 1961 620 2036 quatitur.
644 1959 707 2021 Sed
727 1978 817 2036 surge
836 1977 909 2035 age,
933 1956 1034 2017 sodes:

164 2046 324 2122 Experiar,
346 2045 410 2103 riui
428 2047 474 2105 via
497 2047 646 2105 habeatne
668 2046 775 2123 pedes,

122 2133 221 2206 Atque
242 2131 335 2188 animi
357 2139 499 2188 mentem.
522 2140 624 2191 metuo
647 2131 727 2189 male
749 2149 789 2187 ne
810 2129 882 2204 quid
901 2128 1035 2203 ineptum

163 2215 275 2275 Ebrius
300 2214 499 2288 et'madidus‚
521 2236 596 2276 neve
619 2215 761 2292 pudenda
781 2233 892 2291 geram.

123 2301 249 2360 Temeto
272 2299 365 2359 nimio
388 2301 416 2360 si
438 2300 506 2377 plus
529 2312 623 2374 utare,
650 2300 787 2359 nocebit:

166 2384 200 2447 Si
218 2385 352 2459 modico,
372 2386 452 2443 haud
475 2395 594 2458 noceat,
616 2384 752 2461 proderit
772 2383 835 2439 imo
859 2380 966 2457 magis.

468 2554 679 2611 Eratosthenis.

121 2637 246 2697 Vrribus
272 2639 448 2716 aequiparat
472 2639 609 2696 flammae
633 2634 722 2693 simul
743 2631 910 2691 insinuavit

163 2723 278 2781 Vinum
297 2724 462 2795 homiuem,
484 2721 581 2797 qualis
604 2720 686 2779 salsa
708 2715 859 2793 profunda
879 2714 984 2788 maris,

122 2810 185 2865 Aut
202 2808 325 2883 Aquilo,
348 2817 399 2866 aut
417 2808 465 2865 vis
487 2805 591 2865 Austri
613 2809 744 2874 exercet,
771 2808 876 2876 operta
897 2799 1035 2876 resignat

164 2893 325 2966 Funditus,
355 2900 443 2968 atque
463 2892 616 2949 hominum
638 2896 761 2965 pectora
783 2892 849 2944 tota
867 2884 972 2959 quatit.

508 3059 637 3117 Hesiodi.

125 3143 237 3220 Qualia
259 3145 337 3203 dona
357 3144 440 3211 dedit
459 3144 563 3215 Liber,
583 3142 722 3217 vitaeque
743 3141 860 3210 beatae,

123 3230 339 3305 Materiamque
361 3229 431 3302 odii,
452 3228 639 3305 praeterire
659 3227 731 3285 vina
749 3222 874 3282 bibenti.

123 3312 163 3372 Et
184 3314 320 3392 linguam
341 3315 451 3387 caecis,
484 3320 673 3386 mentemque
692 3308 844 3387 pedesque
866 3322 1034 3380 manusque

124 3398 241 3460 Vinclis
263 3400 397 3478 stringit:
420 3407 452 3456 at
472 3398 500 3457 is
520 3397 652 3456 declinat
670 3395 785 3455 lumina
807 3411 926 3452 somno.

792 3560 830 3621 19
