2586 4214
489 291 665 386 2⁴3-

132 458 218 532 Qnae
239 477 332 534 saepe
355 458 534 520 solabantur
555 460 711 539 hospitum
732 480 840 522 canum

129 544 256 602 Famem
277 545 426 602 furentem
448 547 608 619 exercitus,
633 565 700 605 cum
725 549 862 607 venenat

132 629 267 690 Sithonis
289 629 347 687 uda
369 629 408 686 ad
430 630 512 689 filiae
532 632 652 690 cubilia.

130 718 231 790 Atque
253 732 415 771 aenearum
433 716 627 789 panuclarum
648 717 777 775 stamine

133 799 217 860 Olim
237 799 386 857 librarent
404 799 465 857 ista
483 801 616 879 virgines
639 820 726 862 anus.

132 884 333 961 anphasque
354 893 418 942 tum
438 885 627 958 Praxander,
649 885 720 944 ullis
742 886 870 945 navibus

130 969 205 1028 Non
229 970 426 1045 imperantes,
446 970 547 1046 plebis
568 972 727 1030 obscurum
749 990 856 1048 genus,

130 1055 171 1114 Et
190 1055 323 1130 quinque
343 1055 442 1128 quarti
461 1064 532 1131 post
552 1064 657 1133 petent
679 1063 788 1114 terram
811 1057 886 1113 deae

132 1139 249 1217 Golgos
271 1140 414 1212 tenentis,
435 1140 485 1199 hio
502 1141 626 1199 Lacona
648 1142 814 1199 exercitum

130 1223 269 1283 Ductans
292 1223 477 1300 Therapnis,
498 1227 574 1283 alter
594 1234 694 1287 autem
716 1228 753 1284 ab
778 1226 876 1286 Olane

130 1309 290 1386 Dymeque
311 1308 424 1366 Buraei
445 1311 636 1387 imperat0[r]
658 1312 799 1388 agminis.

130 1400 173 1453 At
193 1394 407 1471 Argyrippum,
429 1395 615 1453 Dauniorum
636 1397 822 1469 haeredium,

132 1480 180 1538 Ad
202 1479 372 1538 Ausoniten
396 1481 540 1539 excitabit
560 1481 752 1556 Phylamum,

131 1569 215 1623 Aves
237 1563 357 1622 sodales
379 1567 513 1625 membra
534 1566 704 1642 plumantes
725 1566 832 1624 videns

130 1650 216 1709 Fatis
239 1649 362 1721 amaris,
384 1650 434 1725 qui
456 1659 591 1707 natatum
615 1650 776 1724 aquatilem

130 1734 254 1812 Degent
273 1735 305 1790 in
328 1734 401 1805 alto,
423 1754 507 1792 more
530 1734 710 1810 piscantum,
733 1735 820 1806 mari,

132 1818 255 1880 Similes
275 1820 371 1896 figura
390 1820 500 1878 caesiis
525 1819 677 1878 oloribus:

130 1904 314 1978 Rostrisque
338 1923 462 1980 spumas
483 1911 669 1981 aucupantes
690 1903 830 1978 piscium,

131 1989 228 2049 Ducis
250 1990 396 2047 tenebunt
415 1989 547 2049 vinsulam
571 1989 795 2066 cognominem,

132 2074 366 2132 Theatriformis
388 2075 480 2151 inque
503 2074 623 2133 clitellis
646 2074 708 2150 iugi

131 2158 384 2225 Vicos'seoantes
403 2166 517 2236 perque
536 2161 695 2221 distinctas
716 2159 782 2217 vias

131 2244 246 2302 lunatis
266 2244 412 2317 tabernis,
434 2264 491 2319 qno
513 2246 599 2321 prius
622 2244 736 2302 Zethus
757 2243 863 2301 modo:

132 2327 288 2403 Simulque
307 2336 414 2405 pastus
437 2337 467 2386 et
488 2330 578 2387 simul
601 2328 713 2393 cubilia

129 2413 234 2472 Noctu
255 2414 396 2485 rebitent,
416 2415 516 2491 gentis
539 2433 657 2471 omnem
680 2412 828 2469 barbarae

131 2497 257 2558 coetum
281 2505 433 2570 caventes,
454 2498 544 2575 inque
567 2496 752 2557 Graecorum
771 2496 872 2572 peplis

131 2582 262 2661 Cognati
284 2591 418 2641 amantes
441 2582 537 2639 coium
558 2583 639 2639 oicur
662 2581 764 2641 sinus:

129 2670 283 2746 Manuqne
302 2669 340 2725 ab
359 2668 514 2745 insipente
534 2668 647 2743 pultem
666 2665 788 2741 prandii

131 2754 233 2814 Offam
255 2748 400 2829 polentae
421 2752 564 2809 blandum
589 2750 749 2810 adulantes
771 2750 873 2820 edent,

129 2839 220 2897 Vitae
238 2838 351 2914 prioris
372 2857 434 2896 non
458 2837 556 2894 adhuc
575 2836 687 2895 oblivii.

128 2923 242 2982 Verum
264 2923 417 2981 Liburnae
438 2923 558 2994 vulnus,
579 2921 691 2979 erroris
714 2920 783 2996 vagi

128 3009 196 3067 Erit
216 3008 436 3083 minaciumque
461 3026 554 3065 causa
576 3008 720 3077 luctuum,

128 3093 251 3152 Procax
272 3094 377 3152 virosa
398 3111 464 3150 oum
486 3092 622 3171 catulliet
642 3090 716 3168 lupa

20 3240 25 3245 ,
128 3179 217 3238 Asilo
234 3179 357 3249 amoris,
381 3186 411 3235 et
432 3176 566 3236 bidental
589 3176 718 3235 Nortiae

128 3263 283 3322 Defendet
303 3264 415 3340 ipsum,
435 3263 587 3322 victimam
609 3262 679 3320 novi
701 3258 788 3317 sacri.

129 3347 369 3422 Colossicusque
391 3349 423 3406 in
441 3351 599 3406 Ausonum
621 3344 789 3423 pomoeriis

129 3432 235 3506 Stans,
256 3433 344 3490 fabra
366 3434 454 3492 sistet
475 3433 608 3491 membra
632 3450 724 3490 saxeo
749 3447 841 3506 super

129 3518 308 3596 Campsoris
329 3518 555 3577 Architectonis
575 3516 749 3587 statumine,
