2604 4210
645 328 795 422 Q

265 499 453 561 Fluminibus
475 497 537 556 leni
559 505 590 556 et
609 499 762 575 praesenti
784 496 909 557 numine
928 497 1049 557 edessa

267 664 320 726 lt
363 667 484 726 Carmen
508 668 644 726 Baesuris·
662 667 762 725 Patris
778 669 884 726 Brasac'
906 667 1079 726 Trieaaolia.

266 752 360 812 Liber
380 752 431 810 ted
450 771 514 825 oro,
536 759 601 811 sate
620 752 757 824 fulmine,
778 751 918 829 corniger
936 751 1032 824 adsis,

265 838 409 911 Bassam,
431 836 544 895 Bruma
562 844 660 914 pater,
681 836 801 895 celeber
820 836 906 895 Dens
926 836 1134 912 induperator,

265 921 363 996 Quem
385 922 536 981 oblectant
558 941 661 995 enses,
678 921 806 998 pilenta,
825 940 989 996 sacraeque
1009 922 1177 996 ministrae,

264 1007 306 1067 In
324 1006 410 1066 coelo
431 1007 575 1080 ritulaus,
598 1009 719 1079 insane,
733 1007 915 1085 -crepicrepe
938 1006 1062 1082 Brome,
1079 1000 1083 1021 ³

265 1090 431 1152 Instinctor
447 1092 576 1166 furiose,
599 1091 750 1170 supremis
772 1111 883 1151 numen
908 1093 1051 1150 honorum

266 1177 433 1253 Terraiquc
453 1196 562 1237 sacrae
584 1177 764 1237 mortalibus
782 1176 995 1248 inducolonis3

265 1262 359 1322 Adsis
384 1261 495 1339 gaudia
515 1263 596 1320 laeta
617 1262 720 1321 ferens
742 1262 927 1323 salisubsule
948 1261 1017 1320 Die.

268 1430 310 1489 45
460 1430 579 1489 Velabri
599 1431 698 1490 Patris
719 1433 861 1507 suffimen,
881 1450 997 1488 maana.

265 1514 432 1574 Velabrum
451 1534 581 1574 veneror
602 1524 742 1576 votorum
762 1518 817 1574 hoc
840 1534 963 1573 munere
984 1522 1111 1590 patrem,

265 1600 442 1674 Mustidum,
464 1610 494 1659 et
512 1600 673 1674 investem,
695 1601 815 1661 florenti
834 1608 959 1678 pectore
982 1600 1142 1660 Brumumt

266 1683 401 1744 Crinitae
423 1686 564 1760 Veneria,
585 1705 756 1761 numenque
776 1686 895 1745 illustre
916 1685 1059 1758 virerum,

266 1770 328 1846 Qui
347 1790 458 1830 numen
479 1772 566 1830 lucos
587 1772 699 1831 virides
720 1772 799 1848 pede
820 1770 1002 1848 persultanti
1089 1802 1092 1808 ·

265 1854 434 1933 Pervolgas
458 1875 524 1914 cum
547 1857 670 1916 vesanis
690 1852 815 1917 vesanu’
837 1856 968 1914 virabus.

265 1937 347 2012 Quin
369 1949 400 1999 et
420 1941 551 1999 consilio
572 1941 655 2001 Iovis
679 1942 719 2000 ad
738 1940 955 2016 Proserpinam
973 1940 1114 2000 alumnus

267 2025 362 2084 Actus
386 2026 518 2099 crevisti,
540 2034 654 2086 tremor
675 2026 890 2085 immortalibu’
911 2024 1017 2096 Divis3

267 2106 318 2170 Sis
340 2109 425 2182 felix,
448 2118 477 2167 et
498 2119 594 2169 macte
614 2112 683 2170 fuas
707 2113 765 2170 hoc
783 2126 908 2169 munere
930 2127 1026 2169 sacro.

267 2276 307 2336 46
354 2277 525 2337 columellae
535 2298 585 2337 aec
602 2281 763 2340 Telamonia
773 2281 873 2339 Patris
882 2280 1023 2355 suffimen,
1035 2289 1177 2338 aromata.

265 2363 363 2424 Elicio
385 2363 530 2422 Brumum
552 2362 762 2438 Columellam,
785 2365 986 2436 vitisatorem,

265 2445 394 2507 Aedibu’
416 2447 589 2523 cadmaeis,
611 2451 661 2525 qui
685 2451 796 2508 circum
815 2466 929 2527 perque
951 2462 1078 2527 vagatus

267 2531 367 2593 Subiit
386 2554 461 2594 onus
486 2542 668 2609 constanter,
696 2543 795 2593 terrae
817 2534 959 2593 incendia
975 2535 1118 2610 placem

267 2615 343 2677 Cum
366 2637 444 2697 vaga
466 2620 647 2679 inundarent
667 2622 854 2679 flammarum
875 2620 1003 2678 flumina*
1020 2627 1130 2680 terram

266 2701 451 2762 Turbinibus
474 2704 592 2778 calidis,
615 2706 664 2762 hic
686 2713 793 2764 cuncta
811 2705 932 2762 ruentia
949 2705 1044 2764 fulsit.

265 2786 335 2846 Huc
356 2789 440 2848 adsis
463 2790 572 2848 mentis
590 2790 701 2848 ridenti
719 2790 831 2849 Brnme
850 2790 965 2865 lepore.

266 2955 306 3013 47
464 2958 539 3017 Sabi
555 2959 655 3017 Patris
674 2961 814 3034 suffimen,
833 2968 975 3016 aromata.

265 3038 325 3099 Dic
348 3039 430 3101 Sabe
453 3043 654 3119 omnipotens,
676 3044 748 3101 audi
772 3042 915 3104 Saturnia
934 3042 1051 3120 proles,

265 3124 475 3203 QuiBrumum
483 3127 632 3186 Bacchum
646 3128 1016 3204 streperumfinsnbulum,
1022 3127 1177 3187 inseruisti

263 3210 304 3269 In
323 3210 447 3285 femore,
474 3222 508 3270 at
527 3214 579 3288 qui
599 3214 739 3289 postidea
760 3222 896 3273 maturus
918 3213 1015 3271 adiret

263 3294 302 3353 In
322 3295 460 3357 Tmolum
481 3306 629 3370 sanctum,
653 3300 704 3358 ubi
725 3300 858 3358 habebat
875 3299 1002 3375 Equiria
1023 3298 1155 3378 pulchra.

264 3374 366 3454 Quare
385 3401 404 3440 o
424 3383 493 3441 Rex
518 3383 658 3461 Frugiaa,
677 3402 834 3461 procerum
857 3383 936 3443 coeli
952 3382 1164 3459 induperator,

264 3464 349 3524 Mitis
371 3466 456 3539 ades,
478 3467 663 3528 antistitibus
684 3469 795 3529 solatia
818 3476 986 3546 praestans.
