2560 4216
502 350 653 448 2⁴2„

113 512 217 583 Μόλις
240 515 378 600 τυράννῳ
400 518 513 600 προῖκα
536 517 710 603 βασιλεύειν
731 518 771 581 θέ
796 542 831 589 ις.

114 595 240 683 Κέρδος
267 598 405 684 βρότειον
426 600 479 684 τῆν
500 601 594 687 τύχην
615 604 703 666 ποιεῖ
720 540 805 666 θεᾶ.

114 680 223 767 Σοφός
245 705 268 768 φ
289 689 412 747 ενοῦται
433 689 512 749 τοῖσι
531 692 591 749 τῶν
613 685 712 755 πέλας
732 693 847 757 κακοῖς.

115 761 157 831 Τδ
183 771 248 830 τῶν
269 706 300 829 έν
325 769 396 854 ύψει
416 769 522 852 πτῶμ)
545 770 820 855 ἐπισφαλέστατον.

112 847 268 936 Ἐγείρετ’
291 849 372 940 ἔργῳ
394 854 428 916 τδ
451 856 557 932 κακδν,
582 854 658 920 ἄλλ’
681 854 739 918 οόκ
758 853 896 942 ἄρχεται.

114 930 297 1019 Ὀλιγοστόν
318 937 382 1000 ἐστι
402 937 504 1016 τοῦθ’,
528 939 605 1024 όπερ
627 945 729 1021 ζῶμεν
749 940 828 1025 βίου.

114 1017 243 1105 Πάτρας
266 1022 431 1106 στερίσκων
454 1022 547 1087 αύτόν
575 1025 640 1087 ἐστ’
665 1023 768 1108 ὀρθῶς
790 1027 897 1110 φυγάς.

112 1096 224 1167 Ῥέπει
245 1105 274 1188 γ’
300 1104 335 1169 ἄν
359 1107 402 1174 εἰς
422 1107 455 1169 τδ
480 1110 584 1193 μωρόν
608 1108 724 1194 εὐήθης
746 1108 867 1194 τρόπος.

111 1183 209 1273 Ῥᾷόν
236 1211 295 1274 περ
317 1189 403 1261 αύῦει
424 1189 449 1252 τῗ
477 1191 590 1275 ἀξίωμ’
615 1195 634 1278 ῆ
655 1192 793 1278 ἄρχεται.

117 1269 210 1336 Ποιεῖ
228 1279 368 1359 προσηνῆ
389 1276 440 1339 καὶ
462 1277 513 1339 τὸν
537 1275 691 1359 ἄγνωστον
711 1275 801 1362 τύχη.

116 1350 308 1442 Τοόγκλημα
327 1365 444 1445 χεῖρον,
463 1361 569 1445 πρᾶξιν
591 1363 628 1446 ῆν
650 1366 746 1445 σιγᾷς,
765 1367 874 1433 ποιεῖς.

117 1439 243 1511 Ψεῦδος
262 1443 429 1529 κακόφρων
454 1446 584 1531 διαβολὴ
605 1448 723 1531 ψευδὴς
745 1442 814 1530 ἔφυ.

116 1521 280 1611 Σύμφησιν
305 1528 432 1608 ἀδικεῖν,
479 1531 628 1612 υγοδικῶν
649 1531 731 1598 όστις
753 1536 848 1615 κυρεῖ.

112 1605 230 1694 Ὄλβυυ
254 1614 391 1676 παλαιοῦ
408 1553 547 1697 θρέμμα,
568 1617 719 1678 πλουσίου
740 1614 845 1761 χόλος.

57 1727 60 1733 ·
119 1690 287 1758 Θάλλουσα
307 1697 398 1761 κακία
418 1698 590 1783 δυστύχημ’
613 1700 734 1763 ἐσθλῶν
776 1722 828 1783 φυ.

118 1773 164 1840 Τὰ
183 1780 270 1864 ῥᾷστ’
295 1779 331 1843 ἄν
352 1779 449 1850 οἴσοις
471 1783 522 1845 καὶ
544 1783 581 1846 τὰ
607 1785 742 1869 δυσχερῆ
766 1782 880 1867 φέρων.

119 1861 230 1947 Φέρειν
256 1863 378 1950 ἄφυκτα
397 1869 456 1929 τῶν
478 1873 593 1945 κακῶν,
619 1868 847 1951 μῆλοιδορεῖν.

119 1944 230 2031 Φέρων
254 1950 287 2011 τό
312 1952 445 2035 βλάπτον
468 1953 520 2014 καὶ
541 1953 574 2016 τό
594 1954 754 2036 σύμφορον
777 1950 892 2037 φέροις.

119 2025 163 2092 Τᾶ
184 2033 306 2097 πλαστὰ
326 2035 402 2118 πρός
423 2036 474 2098 τδν
496 2033 571 2100 ἴδιον
594 2036 629 2101 ἄν
654 2038 766 2122 δράμοι
789 2036 912 2122 τρόπον.

119 2109 180 2198 Τῆν
201 2119 298 2180 πίστιν
323 2118 379 2182 οόκ
401 2118 521 2184 ὀλέσειε
539 2123 619 2206 πλὴν
643 2126 658 2187 ό
684 2122 725 2206 μὴ
750 2119 847 2207 ἔχων.

120 2195 187 2286 Τέῳ
209 2202 353 2278 πέποιθε,
375 2204 471 2266 πίστιν
493 2206 574 2276 ὅστις
595 2208 731 2283 ὤλεσεν,

120 2278 179 2368 Τῆν
202 2288 300 2350 πίστιν
320 2287 433 2357 ὀλέσας
451 2290 482 2351 τί
503 2290 639 2354 ὀλέσειεν
664 2291 699 2355 ἄν
722 2290 849 2375 πρόσω;

113 2360 205 2433 Ὅθεν
226 2370 303 2456 ἦλθ’
328 2371 477 2458 όμόφρων
503 2376 609 2447 πίστις,
632 2376 689 2438 οὐκ
708 2374 880 2459 ἀνέρχεται.

114 2449 240 2538 Ὥραῖον
266 2456 348 2523 εἶδός
370 2457 433 2519 ἐστι
454 2458 570 2527 ἄλαλυς
595 2460 747 2527 σύστασις.

118 2533 203 2624 Τύχη
227 2541 374 2627 βροτείων
396 2547 489 2625 κῦρος
505 2543 562 2606 οόκ
583 2542 649 2627 ἔχει
670 2541 802 2627 τρόπων.

114 2618 228 2708 Ὀλβος
252 2625 348 2709 μέγας
369 2626 528 2711 δούλευμα
550 2628 646 2710 κυρίῳ
667 2627 756 2712 μέγα.

120 2702 229 2774 Ούδενὶ
251 2710 329 2795 τύχη
353 2709 475 2774 δύναιτο
498 2716 551 2794 τῆς
573 2713 688 2797 βουλῆς
707 2711 812 2774 πλέον.

119 2787 208 2857 Ποιεῖ
225 2794 405 2877 παραπλῆγ’
429 2796 448 2877 ῆ
473 2796 550 2881 τύχη
576 2796 729 2860 θάλπουσ’
752 2795 838 2879 ἄγαν.

112 2866 211 2949 “Anae
235 2880 401 2963 ἐνοχλοῦσ’
425 2879 462 2943 ού
482 2904 538 2944 τινι
561 2880 678 2965 στέργει
699 2881 787 2966 τύχη.

121 2956 228 3045 θέλγει
249 2963 326 3048 τύχη
349 2965 486 3027 σαίνουσ’
511 2965 582 3029 όταν
606 2968 748 3072 θηρητιᾷ.

119 3037 213 3130 Χάρις
233 3050 366 3110 πολιτῶν
386 3049 463 3132 πρὸς
484 3050 521 3113 τὰ
539 3055 593 3134 τῆς
612 3073 707 3136 τυχης
730 3047 826 3133 ῥέπει.

120 3123 291 3217 Στιλβουσα
313 3132 466 3214 θραυατόν
492 3135 570 3198 ἐστιν
596 3139 639 3203 ῶς
662 3137 752 3202 ύελος
773 3133 862 3218 τύχη.

121 3207 204 3300 Τύχη
230 3218 338 3280 δίδωσι
357 3221 477 3304 χρῆσιν,
501 3220 537 3283 οὐ
561 3220 664 3302 κτῆσίν
687 3240 775 3286 τινος.

122 3374 222 3468 Τύχης
248 3385 400 3473 λαβέσθαι
423 3387 540 3471 μᾶλλόν
562 3388 653 3465 ἐστιν,
675 3389 695 3471 ῆ
717 3391 848 3470 κρατεῖν.

121 3459 301 3554 Νόσφισμός
320 3472 411 3550 ἐστιν,
432 3472 448 3536 ὃ
474 3472 532 3536 οὐκ
553 3471 589 3536 ἄν
610 3473 770 3554 ἀποδοίης,
785 3472 901 3556 λαβεῖν.

123 3544 252 3638 Παύρων
274 3557 401 3620 κολούει
423 3561 512 3642 μῖσος
532 3557 553 3640 ῆ
577 3557 675 3640 πυκνὴ
697 3556 775 3642 δίκη.

788 3671 827 3733 16
