2502 4218
618 307 769 403 -ι-υ-ο-

237 474 452 557 Σπανιώτερος
474 472 627 541 Φοίνικος.
644 469 700 537 Ἐκ
721 470 871 555 στόματος
891 470 995 537 λύκου.

237 558 379 664 Σπάρτης
401 556 657 641 ἐλευθερώτερος.
677 555 820 623 Γλαύκου
843 555 947 641 τέχνη.

236 641 361 726 Σπειρει
384 642 520 725 κύμινον.
545 640 668 751 Σχῆμα,
690 642 742 704 καὶ
762 640 946 726 τριώβολον.
972 662 978 671 ·

237 725 403 791 Σπεύδοντ’
426 726 570 810 ὀτρύνεις.
597 725 627 791 Η
647 728 725 808 γαλῆ
748 723 935 809 Ταρτησσία.

237 810 419 896 Συβαριτικῆ
443 812 589 894 τράπεζα.
612 809 764 894 Περδίκου
789 809 909 876 σκέλος.-

237 894 421 980 Σύμβουλος
441 896 522 980 ἱερὸν
542 899 660 980 χρῆμα.
682 892 808 977 Μάρτυς
830 892 963 959 οἴκοθεν.

238 977 412 1065 Συρακοσία
432 980 577 1064 τράπεζα.
604 979 717 1048 Δοίῦυξ
743 978 876 1048 αὐξάνει.

238 1060 285 1127 Τά
305 1063 387 1128 καλὰ
405 1067 538 1148 χαλεπά.
563 1060 626 1145 Τῆς
641 1062 833 1147 Ἀμαλθείας
853 1060 955 1146 κέρας·
1020 1103 1022 1108 ·

239 1145 301 1212 Τάν
323 1152 485 1233 πορφυρᾶν
509 1147 682 1232 λιχνότερα.
705 1144 734 1211 Κ
756 1148 899 1228 αυγάζεις
913 1141 1022 1210 Ὕλαν.

238 1228 302 1301 Τὰς
325 1233 360 1296 ἐκ
383 1231 539 1317 φαρέτρας
558 1233 704 1316 ψηφιθας.
728 1170 860 1316 Τύρβεις
876 1236 991 1294 κακῶν.

238 1312 360 1401 Ταχεῖα
382 1317 482 1381 πειθὼ
505 1323 565 1379 τῶν
589 1321 702 1380 κακῶν.
726 1316 772 1378 Δι’
793 1316 938 1399 ἅρματος.

238 1396 361 1486 Τελχίν.
384 1397 459 1466 Βίον
482 1404 521 1483 ζῆ
540 1399 712 1485 πνεύμονος
733 1401 910 1464 θαλαττίου.

238 1482 410 1569 Τεμεσαῖος
429 1485 524 1568 ἥρως.
549 1481 647 1553 Οῦτος
668 1484 763 1554 άλλος
780 1482 948 1569 Ἡρακλῆς.
1075 1496 1077 1501 ’

238 1565 380 1652 Τῆνελλα
398 1570 583 1637 καλλίνικος.
606 1566 652 1635 Οὐ
672 1570 700 1632 δ’
723 1570 804 1633 οῦτοι
826 1573 939 1636 κακῶς.
966 1592 968 1597 ’

238 1649 302 1736 Τῆς
322 1654 446 1737 μητρὸς,
468 1655 572 1738 ὥσπερ
597 1653 656 1729 αἲξ,
680 1657 773 1738 καλῆ.
795 1653 949 1721 θανάτους
970 1649 1054 1717 όνου.

238 1733 278 1800 Τί
299 1740 376 1822 πρὸς
394 1739 445 1801 τὸν
461 1735 596 1823 Ἑρμῆνς
609 1735 703 1807 Ὄνος
722 1737 804 1820 ἄγων
828 1738 989 1822 μυστήρια.

238 1817 278 1887 Τί
296 1826 429 1906 πρῶτον,
449 1824 469 1906 ῆ
493 1824 523 1886 τί
540 1823 685 1900 ῦστατον;
707 1819 839 1886 Βολίτου
862 1822 941 1903 δίκη.

238 1902 278 1968 Τί
296 1929 346 1969 σοι
367 1905 531 1970 Ἃπόλλιυν
555 1905 741 1991 κεκιθάρικᾈ
758 1906 874 1991 Ἄργου
898 1906 1005 1990 λόφος.

238 1987 360 2054 Τίλλειν
384 1991 554 2074 φαλακρόν.
574 1991 683 2060 Ἀετὸς
706 1991 828 2075 φεύγων
848 1990 952 2055 λύκον.

239 2071 283 2138 Τὸ
305 2079 361 2158 γρῦ
382 2074 509 2142 Δίωνος,
534 2072 593 2139 Τὸν
616 2075 718 2145 Εύοντ’
741 2075 897 2145 ἀντιξύειν.

240 2154 283 2222 Τὸ
307 2160 423 2242 θερμὸν
444 2159 567 2245 ὀβολοῦ.
593 2156 626 2221 T'
649 2160 745 2224 ἀλλότ
766 2181 810 2223 ιον
836 2161 925 2242 άμᾷς·
937 2159 1040 2244 θέρος.

239 2238 283 2306 Τὸ
304 2242 451 2309 θετταλὸν
474 2243 623 2328 σόφισμα.
648 2183 810 2328 Πελλῆνιγς
827 2247 931 2329 χιτών.

239 2323 283 2390 Τὸ
308 2332 425 2412 σχᾶμα,
446 2329 497 2391 καὶ
521 2329 555 2392 τὸ
581 2329 676 2412 βᾶμα.
698 2327 914 2410 Μελλονικιᾷν.

240 2405 283 2473 Τὸ
307 2413 464 2498 Φρυνίχου
487 2415 660 2496 πάλαισμα.
678 2413 828 2498 Σαρδώος
847 2412 956 2495 γέλως.

240 2490 391 2579 Τραγικὸς
411 2497 552 2582 πίθηκος.
573 2495 796 2583 Εὐγενέστερος
818 2495 954 2580 Κόδρου.

241 2573 436 2665 Τραγῳδικθν
461 2583 619 2666 βλέπουσι.
643 2582 722 2652 Θεὸς
746 2583 900 2666 ἀνενῦεῆς.

241 2658 434 2749 Τρικέφαλος
451 2664 581 2751 Ἑρμῆς.
605 2664 669 2731 Τοῦ
692 2669 808 2752 πατρὸς
829 2668 862 2733 τὸ
884 2667 1039 2731 παιδίον.·

237 2742 355 2895 Τῐρίψριι
376 2747 559 2854 πρόσωπον.
573 2749 692 2833 Ὁμόσε
711 2757 825 2859 χωρρῖν
847 2755 891 2836 τῷ
910 2750 1025 2837 χρόνῳ.

233 2857 339 3002 ιιιι
355 2835 465 3002 μοι·
481 2834 882 3007 βιικικικοο.

237 2998 502 3089 Ὑπερβερεταῐος.
527 3003 625 3075 Αῦθις
646 3005 685 3070 αῦ
706 3004 836 3070 Πυθώδ’
862 3007 943 3073 ὁδός.

237 3081 439 3172 Ὑπυσχέσεις
460 3087 614 3174 Χάρητος.
628 3088 686 3159 Ὗς
711 3091 884 3174 ἐκώμασεν.

231 3167 290 3242 Ὗς
311 3173 364 3256 τῆν
384 3172 532 3257 Ἀθηνᾶν.
551 3173 591 3237 ‘H
613 3176 702 3258 χάρις
723 3176 811 3260 χάριν
834 3175 932 3260 φέρει.

242 3255 563 3343 Φορμοββαφούμεθὶ
585 3256 781 3342 Εῦλαβεῐσθε
802 3261 852 3323 τὸν
876 3260 963 3323 κύνα.

242 3339 383 3406 Φύλαττε
406 3346 458 3407 τὸν
480 3343 621 3426 θώρακα.
646 3340 774 3413 Τιτᾶνας
792 3346 906 3412 καλεῖς.

242 3424 328 3511 Φρὺξ
352 3428 447 3511 μηδὲν
468 3427 558 3510 ῆττον
582 3425 769 3512 Σπινθάρου.
793 3427 879 3497 Βοῦς
901 3428 932 3492 ἐν
954 3429 1055 3494 πόλει.

242 3509 385 3579 Φώκειος
409 3508 527 3594 ἔρανος.
546 3509 587 3574 ‘H
610 3515 782 3597 χαρώνειος
804 3513 895 3596 θύρα.
