2560 4216
497 346 648 445 JK..

404 510 452 594 Νὴ
476 514 531 596 τὴν
554 512 744 595 νηξαμέναν..
931 515 1028 594 ((10)

118 600 168 664 sic
191 601 266 660 mihi
286 600 426 659 caeruleo
449 602 552 660 faveat
569 602 673 660 Venus
695 610 760 660 orta
778 601 942 679 profundo,

157 686 200 748 Ut
221 685 322 745 mollis
344 685 430 745 molli
451 687 589 764 proditur
609 706 660 745 ore
682 705 749 745 suo.

393 848 497 919 Ἐντὸς
517 851 593 934 ἐμῆς
611 852 746 934 κραδίης.
931 858 1028 933 ζ(11)

117 940 162 1003 Te
185 940 297 999 dudum
319 940 399 998 vitae
420 940 524 1012 vitam,
548 940 723 999 doctissima
743 940 827 999 fandi

158 1024 340 1098 Heliodoro,
356 1043 430 1083 -meo
449 1032 574 1102 pectore
595 1024 721 1101 sculpsit
740 1027 845 1084 Amor.

427 1187 552 1253 Βοίδιον
575 1189 726 1273 αὐλητρίς.
932 1190 1028 1275 ((12)

117 1277 145 1339 Ο
165 1276 283 1351 Venus,
306 1278 460 1351 emeritae,
480 1278 606 1337 tibicina
624 1277 765 1338 Boedion
789 1287 878 1355 atque
1105 1300 1109 1308 ·

157 1361 297 1439 Pythias,
322 1363 506 1436 hassones,
532 1364 589 1421 has
611 1364 791 1440 tabulasque
812 1365 877 1423 tibi.

115 1445 243 1506 Institor
265 1455 295 1506 et
317 1457 477 1521 mereator,
501 1455 531 1505 et
553 1448 632 1506 unde
656 1449 731 1508 haee
751 1449 883 1527 cingula,
906 1458 936 1508 et
948 1449 1028 1509 unde

157 1531 226 1591 Hae
247 1533 380 1607 tabulae,
402 1534 503 1610 potuit
521 1533 599 1592 seire
621 1552 765 1593 crumena
783 1543 846 1592 tna.

392 1697 586 1762 Ἀνθοδίαιτε
608 1697 748 1780 μέλισσα.
931 1701 1029 1778 ((13)

117 1782 235 1845 Oultrix
255 1787 339 1846 floris
360 1788 439 1864 apis,
463 1806 514 1845 our
534 1787 649 1846 artibus
671 1785 859 1848 Heliodorae

157 1871 312 1944 Insidens,
336 1882 424 1933 natas
446 1892 518 1930 vere
540 1872 686 1945 relinquis
705 1870 805 1948 opes?

115 1957 204 2017 Anne
226 1957 286 2015 hoe
310 1957 475 2036 significas,
497 1957 578 2032 quod
600 1957 700 2015 dulcia
720 1955 804 2015 fellis
829 1955 925 2013 amari

158 2039 257 2100 Corde
276 2043 331 2100 sub
351 2043 444 2103 infido
466 2043 583 2119 spicula
602 2042 725 2102 Amoris
752 2041 866 2100 habet?

115 2126 205 2187 Anne
230 2128 286 2184 hoe
309 2127 484 2204 significas?
506 2129 565 2189 hoo
586 2130 630 2188 sie
653 2135 710 2199 est,
733 2136 766 2185 nt
785 2135 870 2202 puto,
897 2125 942 2185 sie
961 2133 1008 2186 est

157 2210 235 2270 Hoc.
255 2212 311 2272 sed
333 2214 392 2272 abi.
412 2214 473 2271 iam
496 2223 545 2274 sat
565 2214 705 2274 novimus
727 2212 817 2271 istud.
841 2211 901 2269 abi.

349 2374 411 2440 Καὶ
432 2380 504 2461 πυρὶ
526 2380 577 2441 καὶ
597 2382 712 2459 νιφετῷ
735 2400 783 2457 με.
932 2379 1029 2456 ζ(14)

114 2465 166 2523 Me
188 2464 270 2538 nive,
293 2484 342 2524 me
365 2467 507 2540 flammis,
529 2486 577 2525 me
599 2465 735 2524 fulminis
758 2465 828 2544 igne
847 2465 986 2523 lacesse:

156 2548 218 2607 Per
238 2549 319 2628 iuga,
341 2570 397 2628 per
415 2553 494 2609 frete
513 2572 574 2622 me,
603 2551 629 2609 si
647 2550 743 2621 lubet,
767 2550 830 2608 alta
849 2549 945 2607 trahe.

113 2632 184 2693 Non
204 2636 323 2706 vinear3
345 2655 415 2694 nam
438 2638 491 2716 qui
510 2635 616 2711 rapido
637 2642 768 2692 torretur
786 2654 900 2708 amore,

156 2717 227 2778 Non
246 2729 337 2795 queat
359 2721 485 2795 infesto,
507 2740 574 2801 euni
595 2727 693 2792 tonat,
714 2720 785 2798 igne
807 2720 879 2796 peti.

521 2804 624 2864 Aliter.

113 2891 162 2949 Me
187 2889 267 2962 nive,
288 2909 336 2947 me
357 2891 489 2963 flamma,
510 2910 570 2964 me,
592 2891 618 2949 si
642 2890 727 2961 libet,
748 2889 861 2965 impete
883 2906 969 2947 sacro

156 2975 306 3034 Fulmine·
330 2995 386 3052 per
403 2994 562 3052 praeceps,
586 2995 643 3053 per
666 2974 763 3032 maria
782 2973 845 3031 alta
863 2992 945 3049 rape.

113 3059 297 3137 Depositum
321 3060 412 3133 curis,
436 3060 640 3135 domitumque
666 3057 817 3136 Cupidine
839 3077 930 3117 saevo

155 3145 294 3207 Flamma
316 3163 373 3203 neo
391 3164 410 3202 a
430 3165 547 3204 summo
570 3146 667 3205 missa
689 3145 832 3203 Tonante
854 3143 959 3220 quatit.

367 3307 410 3373 Τὸ
433 3310 549 3395 σκύφος
568 3310 626 3392 ἡδὺ
651 3309 775 3392 γέγηθε.
934 3311 1029 3389 wo)

115 3395 215 3459 Suave
232 3399 361 3471 renidet,
392 3407 422 3457 et
440 3400 499 3458 hoe
520 3419 581 3458 uno
600 3418 634 3458 se
656 3399 779 3458 nomine
799 3397 902 3476 iactat,

156 3484 326 3561 Zenophile
345 3483 477 3542 admovit
497 3484 576 3561 qnod
597 3484 655 3543 sibi
677 3483 774 3556 labra,
798 3481 889 3540 calix.

116 3568 142 3630 Ο
169 3571 196 3630 si
219 3568 330 3628 ductim
354 3570 486 3627 animam
506 3578 643 3629 nostram
665 3569 756 3628 simul
777 3568 879 3627 ebibat
899 3567 979 3642 ipsa,
