2560 4216
491 413 643 510 *25⁵3-

379 575 417 642 Ὁ
440 580 516 663 πρὶν,
532 582 581 643 ἀεὶ
600 577 749 665 Βρομίου.
951 584 1025 649 ud?

110 666 165 725 Ille
185 667 274 744 prius
295 666 422 727 Bromio
443 668 578 735 titubans
601 668 730 745 vestigia
749 682 830 741 rure,

151 752 208 810 Ille
231 769 332 810 comes
353 752 483 811 Bacchis
504 755 675 831 semicaper
697 751 836 830 Satyrus,
891 782 896 785 ·

110 837 156 897 En
175 837 265 913 paria
285 844 389 895 cerata
408 838 564 897 devinctus
586 838 733 915 compede
755 856 853 910 crura,

149 921 241 981 Nunc
261 929 334 980 nato
358 922 498 985 Thetidis
521 924 650 982 fabricat
669 938 762 981 arms
774 922 871 981 Dese.

109 1004 181 1067 Non
204 1005 327 1083 quidem
350 1008 492 1066 honorato
514 1009 688 1086 defungitur
704 1008 758 1065 ille
779 1008 894 1082 labore,

10 1088 12 1101 '
151 1091 213 1153 Sed
231 1091 373 1151 miseram
390 1093 448 1150 bsc
467 1093 560 1151 vitum
584 1094 714 1153 sustinet
738 1100 802 1151 arte
825 1110 921 1153 snam.

365 1255 432 1320 Ποῦ
455 1280 504 1320 σοι
523 1261 609 1321 κεῖνα
622 1257 772 1321 κύπελλα,
950 1263 1019 1322 udi

108 1344 197 1408 Nunc
219 1344 272 1404 ubi
296 1351 366 1404 sunt
385 1345 507 1419 calices,
529 1347 582 1406 ubi
604 1365 681 1423 quos
701 1346 835 1406 iaculare
856 1347 979 1407 solebas

149 1430 302 1508 Thyssos,
326 1438 357 1488 et
376 1439 475 1509 potus,
496 1431 601 1491 Fanne
619 1431 750 1508 petrice,
771 1431 835 1490 tui?

10 1560 11 1563 η
108 1515 185 1591 Quis
209 1516 302 1572 limae
321 1516 472 1574 admovit?
491 1517 559 1594 quis
581 1517 690 1576 vinclis
711 1511 809 1575 induit
830 1516 936 1575 artus?

150 1601 250 1676 Quem
270 1599 385 1658 Bacchi
403 1619 496 1660 cunas
518 1601 709 1661 conuoluisse
727 1602 836 1658 ferunt.

107 1684 285 1763 Pauperies,
308 1686 450 1760 durisque
471 1704 583 1763 urgens
603 1687 636 1743 in
656 1686 747 1743 rebus
769 1693 902 1762 egestas,

148 1771 288 1830 Vulcano
309 1770 424 1829 fumum
445 1790 494 1829 me
513 1772 617 1829 bibere
638 1770 693 1828 illa
711 1770 804 1831 dedit.

400 1932 598 2020 Ἐθραόοθης
620 1937 722 2020 bisin.
948 1936 1018 1999 ebs

107 2025 272 2086 Potantnm
293 2025 325 2083 in
345 2024 416 2083 rixa
438 2025 583 2101 crepuisti
602 2025 709 2097 fractu,
733 2030 876 2099 tuumque

148 2110 266 2170 Fudisti
286 2117 346 2168 tcto
365 2118 481 2183 ventre,
503 2110 624 2188 lagena,
636 2128 766 2169 merum.

107 2198 226 2272 Aspera
244 2214 314 2253 nam
333 2195 401 2252 saxi
421 2196 467 2255 vis
488 2197 605 2254 eminus
627 2194 732 2254 incidit
748 2195 779 2253 in
802 2202 843 2268 te,

147 2279 221 2339 Non
243 2280 337 2353 Iovis,
360 2287 393 2337 at
413 2281 493 2339 Iovii
512 2282 608 2340 missa
630 2286 755 2357 repente
774 2299 875 2337 mann.

107 2365 262 2438 Riserunt,
285 2365 444 2440 ictumqui
464 2366 615 2424 tesidere
639 2365 774 2435 sodales,
853 2360 859 2374 '

147 2452 188 2510 Et
207 2451 308 2509 sonuit
324 2450 423 2509 mistis
442 2450 574 2526 plurime
595 2451 686 2507 turba
706 2449 794 2507 iocis.

106 2534 176 2595 Non
197 2555 253 2613 ego
272 2542 303 2592 te
322 2535 442 2593 doleam
460 2534 621 2593 ,Bacchum
643 2534 814 2610 peperisse,
836 2532 977 2610 Legerat

147 2621 218 2680 Hoc
238 2620 334 2678 fatum
357 2617 498 2681 Semelae
518 2639 574 2696 par
595 2619 653 2677 erit
673 2626 762 2693 atque
782 2618 846 2675 tibi.

383 2784 507 2868 Χ-ρυοὸν
532 2786 609 2870 ἀνὴρ
633 2784 743 2867 εὑρὼν.
945 2787 1015 2845 cdd

108 2872 235 2947 Quidam
248 2894 322 2935 auro
335 2875 457 2933 invento
472 2875 613 2951 laqueum
627 2872 743 2933 abiicit:
756 2871 834 2928 alter
847 2871 899 2928 ubi
911 2886 1017 2929 aurum

147 2958 178 3019 N
181 2980 222 3018 011
240 2956 363 3036 reperit,
386 2961 480 3018 nectit
498 2979 587 3035 quem
608 2958 722 3035 reperit
738 2956 888 3031 laqueum.

355 3121 410 3194 Εἰς
424 3121 536 3187 Ῥόδον
560 3126 587 3187 εἰ
608 3123 746 3187 ubedam.
967 3123 1016 3207 β6

105 3211 214 3273 Utrum
231 3214 371 3273 adeunda
393 3213 518 3272 Rhodos
544 3213 701 3272 consultus
723 3210 901 3286 Olympicus
922 3228 1017 3289 augur

148 3296 376 3377 Solvendaeque
397 3299 479 3370 foret
498 3317 576 3372 quse
596 3300 646 3356 via
667 3304 731 3355 tuta
753 3295 822 3367 rati,

107 3379 153 3443 Sit
162 3384 301 3460 primum
320 3403 397 3443 nova
418 3383 517 3454 navis,
537 3384 592 3440 aits
615 3382 771 3442 discedere
797 3381 903 3437 bruma

146 3467 262 3542 Paree‚·
279 3470 334 3528 s'ed
354 3470 472 3528 aestivo
493 3468 593 3526 sidere
614 3468 682 3529 vele
704 3468 782 3525 datu.

104 3549 174 3613 Hoc
192 3556 271 3614 bene
295 3556 322 3614 si
343 3555 436 3626 faxis,
458 3554 516 3612 huc
535 3553 594 3611 ibis
615 3561 709 3626 tutus,
733 3559 763 3609 et
782 3550 864 3624 illuc,

148 3636 183 3700 Si
204 3659 269 3700 non
291 3640 398 3717 piratis
419 3639 509 3698 obvie
530 3639 644 3716 praeda
664 3637 761 3696 venis.

320 3721 327 3735 ⁹
751 3721 814 3780 17*
