2586 4214
525 352 674 448 „³9¹-

140 509 222 571 Nsm
245 513 317 587 quid
337 515 404 593 ogis
422 517 524 577 Aisrl
546 521 604 580 heu
626 524 743 597 ubios,
764 527 831 586 filii
852 531 955 590 occidi.

32 677 34 680 Ι
140 598 188 656 Ai.
232 596 381 657 Teucrum
405 620 490 661 voco.
510 606 633 665 ubinam
649 609 785 670 Teucer?
807 613 959 675 assiduon’
973 620 1053 680 volet

139 680 276 740 Ductare
296 686 452 761 praedas?
471 698 520 747 ast
542 710 600 769 ego
623 694 738 754 intereo
756 698 859 757 miser.

141 764 195 826 Oh.
239 766 344 828 Homo
366 779 413 830 est
430 774 512 848 apud
533 794 578 849 se,
600 785 633 836 ut
655 781 764 839 sentio.
787 784 902 859 aperite
918 806 1031 867 ocyusz

139 850 340 911 Revorebitnr
363 856 505 916 fortassis
528 863 645 937 aspecti
665 866 734 924 mei.
1050 878 1102 932 315

139 936 214 994 Tec.
254 940 430 1015 Aperimus,
452 960 531 1001 ecce.
551 944 712 1008 Caeterum
732 952 803 1010 licet
823 954 879 1013 tibi

138 1019 281 1081 Hominis
301 1024 380 1109 tueri
400 1035 497 1103 gesta,
521 1036 552 1087 et
573 1033 708 1093 eiusdem
726 1044 847 1097 statum.

488 1110 618 1191 Stroplro
645 1121 697 1179 VI.

138 1191 187 1248 ni.
234 1189 366 1252 Sodales
388 1196 481 1254 maris
505 1203 648 1279 remiges,

136 1275 238 1334 Amici
258 1277 341 1335 unici
363 1281 508 1355 omnium,
531 1292 562 1342 et

136 1361 298 1436 Aequitate
317 1371 434 1423 stantes
454 1366 519 1441 pia:

137 1444 247 1504 Videte
265 1467 314 1505 me
335 1467 415 1521 esse,
437 1451 536 1525 qualis
557 1464 604 1514 cst

135 1528 197 1588 Ubi
220 1551 328 1591 recens
349 1535 387 1592 ab
407 1536 541 1595 aestibus

135 1610 260 1676 Fluctus
278 1618 375 1676 adhuc
397 1628 540 1680 movetur.
652 1680 654 1683 ,

137 1697 191 1758 ch.
236 1702 304 1760 Vah
323 1721 413 1777 quam
433 1705 588 1765 evidenter
611 1727 682 1768 vera
701 1719 829 1772 testatus
852 1716 942 1774 modo
961 1737 1006 1791 es,

136 1784 228 1860 Quod
247 1790 463 1864 comprobatur
483 1791 558 1849 satis
581 1791 719 1855 inornato
742 1798 800 1856 hoc
817 1807 906 1858 statu.
940 1834 944 1837 v
1046 1805 1099 1860 355

458 1874 650 1953 Acttstropla
679 1881 731 1941 VI.

134 1955 183 2013 ni.
225 1956 335 2028 Amici,
356 1957 504 2017 morinum
527 1980 635 2039 genus,

134 2038 193 2098 Rei
215 2041 356 2098 nauticae
378 2042 489 2117 sciens,

133 2123 219 2182 Bene
239 2126 381 2185 inhibens
404 2130 478 2187 ratis
498 2130 669 2206 palmulas:

132 2209 225 2268 Modo
245 2211 337 2283 unici,
357 2213 449 2272 modo
469 2216 549 2273 unici

133 2292 234 2372 Super
255 2296 297 2353 mi
318 2298 392 2356 estis
416 2299 553 2373 adiuvae,
577 2320 627 2360 oc-

133 2379 252 2439 ·cidite:
275 2381 353 2439 ferte
374 2402 462 2458 opem
483 2386 534 2441 mi.

133 2462 188 2523 (lh.
233 2464 322 2524 Bona
341 2468 447 2525 verba:
466 2487 505 2525 ne
524 2469 636 2527 malum
658 2473 828 2532 resarciens
848 2475 938 2549 malo,

131 2549 247 2608 Maiora
269 2551 349 2609 tristi
369 2552 479 2609 damna
497 2553 614 2610 iactura
634 2555 730 2613 effice.

442 2636 471 2694 2.
493 2636 623 2714 Stropltn
644 2641 729 2698 IIII.

130 2718 179 2776 Ai.
221 2719 288 2796 Ego
310 2719 363 2777 ille
385 2738 464 2792 acer,
483 2721 535 2779 ille
556 2723 656 2796 fortiS,
678 2724 763 2784 ferox

130 2801 246 2876 Duelli,
266 2811 356 2878 atque
375 2806 485 2881 praelii
505 2807 668 2867 interritus.

129 2886 284 2946 Pecudum
304 2890 336 2946 in
357 2890 510 2949 imbecille
528 2893 634 2970 volgus
657 2914 723 2952 ruo.

128 2972 229 3031 Pudet
250 2974 404 3033 cachinni:
429 2977 625 3036 contumeliae
645 2980 748 3055 pudet.

130 3057 202 3117 ch.
247 3058 334 3116 Haec
352 3060 446 3118 verba
465 3062 533 3135 fari,
555 3063 686 3136 domiue,
709 3065 941 3140 compendiface.

128 3144 177 3202 Ai.
216 3144 348 3202 Excede.
372 3147 527 3205 cessasti
549 3148 682 3207 dierecta
699 3149 793 3209 foras.

127 3225 179 3286 He
203 3229 271 3287 heu.
295 3229 333 3286 he
348 3229 423 3287 hcul

129 3310 184 3372 (lh.
225 3312 362 3386 Desiste,
383 3316 499 3387 amabo,
522 3335 578 3393 per
596 3317 693 3377 Deos.
714 3319 753 3376 sd
771 3327 802 3377 te
822 3319 896 3378 redi.

465 3400 494 3458 3.
517 3399 646 3477 Strcplc
665 3402 704 3463 V.

127 3483 177 3540 Ai.
220 3481 293 3540 Heu
313 3502 361 3541 me
385 3484 543 3543 miserum!
563 3505 654 3545 manu

128 3564 271 3628 Remissa
292 3587 340 3626 me
360 3568 418 3629 hos
440 3588 641 3646 sacerrumos,
