<?xml version="1.0" encoding="UTF-8"?>
<!DOCTYPE html PUBLIC "-//W3C//DTD XHTML 1.0 Transitional//EN"
    "http://www.w3.org/TR/xhtml1/DTD/xhtml1-transitional.dtd">
<html xmlns="http://www.w3.org/1999/xhtml" xml:lang="en" lang="en">
 <head>
  <title>
</title>
<meta http-equiv="Content-Type" content="text/html;charset=utf-8" />
  <meta name='ocr-system' content='tesseract 3.04.00' />
  <meta name='ocr-capabilities' content='ocr_page ocr_carea ocr_par ocr_line ocrx_word'/>
</head>
<body>
  <div class='ocr_page' id='page_1' title='image "./iosephiscaliger01scalgoog_0413.png"; bbox 0 0 2604 4210; ppageno 0'>
   <div class='ocr_carea' id='block_1_1' title="bbox 684 353 749 419">
    <p class='ocr_par' dir='ltr' id='par_1_1' title="bbox 684 353 749 419">
     <span class='ocr_line' id='line_1_1' title="bbox 684 353 749 419; baseline 0.031 -2"><span class='ocrx_word' id='word_1_1' title='bbox 684 353 749 419; x_wconf 76' lang='lat'><strong>398:</strong></span> 
     </span>
    </p>
   </div>
   <div class='ocr_carea' id='block_1_2' title="bbox 258 523 1177 1451">
    <p class='ocr_par' dir='ltr' id='par_1_2' title="bbox 258 523 1080 770">
     <span class='ocr_line' id='line_1_2' title="bbox 259 523 1080 598; baseline -0.006 -11"><span class='ocrx_word' id='word_1_2' title='bbox 259 525 453 598; x_wconf 83' lang='lat' dir='ltr'><strong>Omnituens,</strong></span> <span class='ocrx_word' id='word_1_3' title='bbox 473 524 626 585; x_wconf 90' lang='lat' dir='ltr'><strong>hominum</strong></span> <span class='ocrx_word' id='word_1_4' title='bbox 649 533 788 584; x_wconf 80' lang='lat' dir='ltr'><strong>scrutans</strong></span> <span class='ocrx_word' id='word_1_5' title='bbox 811 523 953 582; x_wconf 85' lang='lat' dir='ltr'><strong>mortalia</strong></span> <span class='ocrx_word' id='word_1_6' title='bbox 976 524 1080 596; x_wconf 88' lang='lat' dir='ltr'><strong>corda,</strong></span> 
     </span>
     <span class='ocr_line' id='line_1_3' title="bbox 258 608 1079 682; baseline -0.004 -12"><span class='ocrx_word' id='word_1_7' title='bbox 258 613 393 671; x_wconf 81' lang='lat' dir='ltr'><strong>Aeterna</strong></span> <span class='ocrx_word' id='word_1_8' title='bbox 419 617 449 667; x_wconf 89' lang='lat' dir='ltr'><strong>et</strong></span> <span class='ocrx_word' id='word_1_9' title='bbox 468 610 650 682; x_wconf 85' lang='lat' dir='ltr'><strong>veneranda,</strong></span> <span class='ocrx_word' id='word_1_10' title='bbox 673 609 775 669; x_wconf 89' lang='lat' dir='ltr'><strong>colens</strong></span> <span class='ocrx_word' id='word_1_11' title='bbox 799 608 868 667; x_wconf 86' lang='lat' dir='ltr'><strong>sola</strong></span> <span class='ocrx_word' id='word_1_12' title='bbox 887 628 979 667; x_wconf 86' lang='lat' dir='ltr'><strong>aurea</strong></span> <span class='ocrx_word' id='word_1_13' title='bbox 1002 610 1079 681; x_wconf 86' lang='lat' dir='ltr'><strong>iura,</strong></span> 
     </span>
     <span class='ocr_line' id='line_1_4' title="bbox 259 689 1019 770; baseline 0 -17"><span class='ocrx_word' id='word_1_14' title='bbox 259 693 344 768; x_wconf 78' lang='lat' dir='ltr'><strong>Quae</strong></span> <span class='ocrx_word' id='word_1_15' title='bbox 363 695 462 753; x_wconf 83' lang='lat' dir='ltr'><strong>varios</strong></span> <span class='ocrx_word' id='word_1_16' title='bbox 485 703 583 753; x_wconf 87' lang='lat' dir='ltr'><strong>mutas</strong></span> <span class='ocrx_word' id='word_1_17' title='bbox 606 694 731 752; x_wconf 87' lang='lat' dir='ltr'><strong>humani</strong></span> <span class='ocrx_word' id='word_1_18' title='bbox 751 689 877 770; x_wconf 87' lang='lat' dir='ltr'><strong>pectori&#39;</strong></span> <span class='ocrx_word' id='word_1_19' title='bbox 899 694 1019 767; x_wconf 88' lang='lat' dir='ltr'><strong>fluctus,</strong></span> 
     </span>
    </p>

    <p class='ocr_par' dir='ltr' id='par_1_3' title="bbox 258 779 1177 1194">
     <span class='ocr_line' id='line_1_5' title="bbox 259 779 1176 857; baseline -0.002 -19"><span class='ocrx_word' id='word_1_20' title='bbox 259 781 357 857; x_wconf 83' lang='lat' dir='ltr'><strong>Quam</strong></span> <span class='ocrx_word' id='word_1_21' title='bbox 385 788 556 857; x_wconf 83' lang='lat' dir='ltr'><strong>agnoscunt</strong></span> <span class='ocrx_word' id='word_1_22' title='bbox 574 779 654 839; x_wconf 91' lang='lat' dir='ltr'><strong>iuste</strong></span> <span class='ocrx_word' id='word_1_23' title='bbox 668 780 829 838; x_wconf 80' lang='lat' dir='ltr'><strong>haerentes</strong></span> <span class='ocrx_word' id='word_1_24' title='bbox 844 780 1043 857; x_wconf 78' lang='lat' dir='ltr'><strong>compagibus</strong></span> <span class='ocrx_word' id='word_1_25' title='bbox 1058 797 1176 838; x_wconf 87' lang='lat' dir='ltr'><strong>omnes.</strong></span> 
     </span>
     <span class='ocr_line' id='line_1_6' title="bbox 258 864 1177 935; baseline -0.001 -10"><span class='ocrx_word' id='word_1_26' title='bbox 258 865 340 925; x_wconf 86' lang='lat' dir='ltr'><strong>Nam</strong></span> <span class='ocrx_word' id='word_1_27' title='bbox 361 864 442 924; x_wconf 87' lang='lat' dir='ltr'><strong>nosti</strong></span> <span class='ocrx_word' id='word_1_28' title='bbox 460 865 603 923; x_wconf 88' lang='lat' dir='ltr'><strong>interiora</strong></span> <span class='ocrx_word' id='word_1_29' title='bbox 624 865 810 935; x_wconf 79' lang='lat' dir='ltr'><strong>animorum3</strong></span> <span class='ocrx_word' id='word_1_30' title='bbox 831 864 912 922; x_wconf 88' lang='lat' dir='ltr'><strong>haud</strong></span> <span class='ocrx_word' id='word_1_31' title='bbox 932 873 963 922; x_wconf 90' lang='lat' dir='ltr'><strong>te</strong></span> <span class='ocrx_word' id='word_1_32' title='bbox 981 865 1077 922; x_wconf 88' lang='lat' dir='ltr'><strong>lateat</strong></span> <span class='ocrx_word' id='word_1_33' title='bbox 1088 882 1177 924; x_wconf 81' lang='lat' dir='ltr'><strong>mans</strong></span> 
     </span>
     <span class='ocr_line' id='line_1_7' title="bbox 258 945 1078 1028; baseline -0.005 -17"><span class='ocrx_word' id='word_1_34' title='bbox 258 949 441 1011; x_wconf 88' lang='lat' dir='ltr'><strong>Detrectans</strong></span> <span class='ocrx_word' id='word_1_35' title='bbox 463 945 580 1009; x_wconf 85' lang='lat' dir='ltr'><strong>rationi&#39;</strong></span> <span class='ocrx_word' id='word_1_36' title='bbox 604 951 719 1028; x_wconf 85' lang='lat' dir='ltr'><strong>iugum,</strong></span> <span class='ocrx_word' id='word_1_37' title='bbox 744 948 912 1027; x_wconf 78' lang='lat' dir='ltr'><strong>cuppedine</strong></span> <span class='ocrx_word' id='word_1_38' title='bbox 932 948 1046 1025; x_wconf 85' lang='lat' dir='ltr'><strong>iniqua.</strong></span> <span class='ocrx_word' id='word_1_39' title='bbox 1075 1017 1078 1021; x_wconf 18' lang='lat'>¹</span> 
     </span>
     <span class='ocr_line' id='line_1_8' title="bbox 260 1033 1125 1107; baseline -0.002 -13"><span class='ocrx_word' id='word_1_40' title='bbox 260 1034 377 1095; x_wconf 83' lang='lat' dir='ltr'><strong>Cuncta</strong></span> <span class='ocrx_word' id='word_1_41' title='bbox 394 1034 500 1107; x_wconf 86' lang='lat' dir='ltr'><strong>tueris,</strong></span> <span class='ocrx_word' id='word_1_42' title='bbox 520 1043 627 1093; x_wconf 84' lang='lat' dir='ltr'><strong>cuncta</strong></span> <span class='ocrx_word' id='word_1_43' title='bbox 646 1035 744 1107; x_wconf 90' lang='lat' dir='ltr'><strong>audis,</strong></span> <span class='ocrx_word' id='word_1_44' title='bbox 767 1042 874 1092; x_wconf 91' lang='lat' dir='ltr'><strong>cuncta</strong></span> <span class='ocrx_word' id='word_1_45' title='bbox 896 1033 1125 1094; x_wconf 76' lang='lat' dir='ltr'><strong>admoderarisz</strong></span> 
     </span>
     <span class='ocr_line' id='line_1_9' title="bbox 258 1119 997 1194; baseline -0.005 -14"><span class='ocrx_word' id='word_1_46' title='bbox 258 1121 295 1180; x_wconf 95' lang='lat' dir='ltr'><strong>In</strong></span> <span class='ocrx_word' id='word_1_47' title='bbox 319 1130 349 1178; x_wconf 87' lang='lat' dir='ltr'><strong>te</strong></span> <span class='ocrx_word' id='word_1_48' title='bbox 370 1126 452 1179; x_wconf 88' lang='lat' dir='ltr'><strong>stant</strong></span> <span class='ocrx_word' id='word_1_49' title='bbox 472 1119 611 1178; x_wconf 83' lang='lat' dir='ltr'><strong>mortalia</strong></span> <span class='ocrx_word' id='word_1_50' title='bbox 632 1120 716 1192; x_wconf 85' lang='lat' dir='ltr'><strong>iura,</strong></span> <span class='ocrx_word' id='word_1_51' title='bbox 737 1119 898 1194; x_wconf 85' lang='lat' dir='ltr'><strong>potissima</strong></span> <span class='ocrx_word' id='word_1_52' title='bbox 919 1119 997 1189; x_wconf 87' lang='lat' dir='ltr'><strong>Dia;</strong></span> 
     </span>
    </p>

    <p class='ocr_par' dir='ltr' id='par_1_4' title="bbox 258 1203 969 1283">
     <span class='ocr_line' id='line_1_10' title="bbox 258 1203 969 1283; baseline -0.008 -17"><span class='ocrx_word' id='word_1_53' title='bbox 258 1206 353 1266; x_wconf 81' lang='lat' dir='ltr'>Adsis</span> <span class='ocrx_word' id='word_1_54' title='bbox 375 1205 571 1280; x_wconf 89' lang='lat' dir='ltr'><strong>praestitibus</strong></span> <span class='ocrx_word' id='word_1_55' title='bbox 593 1205 662 1283; x_wconf 87' lang='lat' dir='ltr'><strong>puri</strong></span> <span class='ocrx_word' id='word_1_56' title='bbox 683 1204 763 1263; x_wconf 85' lang='lat' dir='ltr'><strong>sacri</strong></span> <span class='ocrx_word' id='word_1_57' title='bbox 784 1203 969 1276; x_wconf 83' lang='lat' dir='ltr'><strong>auxiliatrix,</strong></span> 
     </span>
    </p>

    <p class='ocr_par' dir='ltr' id='par_1_5' title="bbox 259 1289 1075 1451">
     <span class='ocr_line' id='line_1_11' title="bbox 259 1289 1023 1372; baseline -0.007 -21"><span class='ocrx_word' id='word_1_58' title='bbox 259 1289 310 1351; x_wconf 90' lang='lat' dir='ltr'><strong>Da</strong></span> <span class='ocrx_word' id='word_1_59' title='bbox 327 1290 464 1367; x_wconf 85' lang='lat' dir='ltr'><strong>placidas</strong></span> <span class='ocrx_word' id='word_1_60' title='bbox 481 1289 606 1348; x_wconf 85' lang='lat' dir='ltr'><strong>rationis</strong></span> <span class='ocrx_word' id='word_1_61' title='bbox 627 1309 712 1372; x_wconf 84' lang='lat' dir='ltr'><strong>opes,</strong></span> <span class='ocrx_word' id='word_1_62' title='bbox 734 1289 879 1348; x_wconf 81' lang='lat' dir='ltr'><strong>cohibens</strong></span> <span class='ocrx_word' id='word_1_63' title='bbox 899 1289 1023 1346; x_wconf 86' lang='lat' dir='ltr'><strong>inimica</strong></span> 
     </span>
     <span class='ocr_line' id='line_1_12' title="bbox 261 1374 1075 1451; baseline -0.005 -16"><span class='ocrx_word' id='word_1_64' title='bbox 261 1375 411 1447; x_wconf 86' lang='lat' dir='ltr'><strong>Consilia,</strong></span> <span class='ocrx_word' id='word_1_65' title='bbox 431 1374 618 1447; x_wconf 79' lang='lat' dir='ltr'><strong>insidiantia,</strong></span> <span class='ocrx_word' id='word_1_66' title='bbox 637 1374 752 1449; x_wconf 86' lang='lat' dir='ltr'><strong>iniqua,</strong></span> <span class='ocrx_word' id='word_1_67' title='bbox 777 1374 919 1451; x_wconf 86' lang='lat' dir='ltr'><strong>superba,</strong></span> <span class='ocrx_word' id='word_1_68' title='bbox 943 1374 1075 1432; x_wconf 84' lang='lat' dir='ltr'><strong>nefasta.</strong></span> 
     </span>
    </p>
   </div>
   <div class='ocr_carea' id='block_1_3' title="bbox 259 1544 1120 2554">
    <p class='ocr_par' dir='ltr' id='par_1_6' title="bbox 259 1544 1120 2554">
     <span class='ocr_line' id='line_1_13' title="bbox 261 1544 964 1617; baseline -0.006 -14"><span class='ocrx_word' id='word_1_69' title='bbox 261 1544 297 1603; x_wconf 81' lang='lat'><strong>61</strong></span> <span class='ocrx_word' id='word_1_70' title='bbox 473 1544 569 1602; x_wconf 81' lang='lat' dir='ltr'><strong>Dicae</strong></span> <span class='ocrx_word' id='word_1_71' title='bbox 592 1546 727 1602; x_wconf 79' lang='lat' dir='ltr'><strong>Iustitiae</strong></span> <span class='ocrx_word' id='word_1_72' title='bbox 749 1544 889 1617; x_wconf 71' lang='lat' dir='ltr'><strong>suffimen,</strong></span> <span class='ocrx_word' id='word_1_73' title='bbox 911 1552 964 1600; x_wconf 81' lang='lat' dir='ltr'><strong>tas.</strong></span> 
     </span>
     <span class='ocr_line' id='line_1_14' title="bbox 259 1626 1105 1704; baseline -0.006 -16"><span class='ocrx_word' id='word_1_74' title='bbox 259 1629 399 1688; x_wconf 85' lang='lat' dir='ltr'><strong>Iustitiae</strong></span> <span class='ocrx_word' id='word_1_75' title='bbox 422 1630 559 1688; x_wconf 89' lang='lat' dir='ltr'><strong>obtestor</strong></span> <span class='ocrx_word' id='word_1_76' title='bbox 579 1629 722 1704; x_wconf 86' lang='lat' dir='ltr'><strong>pulchrae</strong></span> <span class='ocrx_word' id='word_1_77' title='bbox 745 1627 940 1687; x_wconf 89' lang='lat' dir='ltr'><strong>omnituentis</strong></span> <span class='ocrx_word' id='word_1_78' title='bbox 962 1626 1105 1699; x_wconf 80' lang='lat' dir='ltr'><strong>ocellum,</strong></span> 
     </span>
     <span class='ocr_line' id='line_1_15' title="bbox 260 1710 1092 1788; baseline -0.006 -14"><span class='ocrx_word' id='word_1_79' title='bbox 260 1715 310 1775; x_wconf 88' lang='lat' dir='ltr'><strong>Ad</strong></span> <span class='ocrx_word' id='word_1_80' title='bbox 331 1710 405 1772; x_wconf 87' lang='lat' dir='ltr'><strong>Iovi&#39;</strong></span> <span class='ocrx_word' id='word_1_81' title='bbox 430 1713 590 1773; x_wconf 87' lang='lat' dir='ltr'><strong>Dictatori&#39;</strong></span> <span class='ocrx_word' id='word_1_82' title='bbox 610 1714 695 1773; x_wconf 85' lang='lat' dir='ltr'><strong>sedet</strong></span> <span class='ocrx_word' id='word_1_83' title='bbox 712 1732 789 1788; x_wconf 87' lang='lat' dir='ltr'><strong>quae</strong></span> <span class='ocrx_word' id='word_1_84' title='bbox 809 1712 926 1771; x_wconf 89' lang='lat' dir='ltr'><strong>illustre</strong></span> <span class='ocrx_word' id='word_1_85' title='bbox 947 1712 1092 1785; x_wconf 82' lang='lat' dir='ltr'><strong>tribunal,</strong></span> 
     </span>
     <span class='ocr_line' id='line_1_16' title="bbox 262 1797 1106 1870; baseline -0.005 -11"><span class='ocrx_word' id='word_1_86' title='bbox 262 1799 399 1859; x_wconf 82' lang='lat' dir='ltr'><strong>Coclitus</strong></span> <span class='ocrx_word' id='word_1_87' title='bbox 424 1800 589 1858; x_wconf 89' lang='lat' dir='ltr'><strong>endotuens</strong></span> <span class='ocrx_word' id='word_1_88' title='bbox 610 1818 712 1858; x_wconf 87' lang='lat' dir='ltr'><strong>mores</strong></span> <span class='ocrx_word' id='word_1_89' title='bbox 734 1797 906 1856; x_wconf 85' lang='lat' dir='ltr'><strong>mortalium</strong></span> <span class='ocrx_word' id='word_1_90' title='bbox 925 1797 1106 1870; x_wconf 88' lang='lat' dir='ltr'><strong>homonum,</strong></span> 
     </span>
     <span class='ocr_line' id='line_1_17' title="bbox 261 1881 1047 1961; baseline -0.008 -16"><span class='ocrx_word' id='word_1_91' title='bbox 261 1887 360 1960; x_wconf 83' lang='lat' dir='ltr'><strong>Atque</strong></span> <span class='ocrx_word' id='word_1_92' title='bbox 382 1884 475 1942; x_wconf 88' lang='lat' dir='ltr'><strong>ultrix</strong></span> <span class='ocrx_word' id='word_1_93' title='bbox 496 1885 633 1961; x_wconf 90' lang='lat' dir='ltr'><strong>plectens</strong></span> <span class='ocrx_word' id='word_1_94' title='bbox 651 1886 783 1942; x_wconf 86' lang='lat' dir='ltr'><strong>humana</strong></span> <span class='ocrx_word' id='word_1_95' title='bbox 802 1881 938 1941; x_wconf 84' lang='lat' dir='ltr'><strong>nefantia</strong></span> <span class='ocrx_word' id='word_1_96' title='bbox 954 1881 1047 1954; x_wconf 87' lang='lat' dir='ltr'><strong>facta,</strong></span> 
     </span>
     <span class='ocr_line' id='line_1_18' title="bbox 261 1967 1005 2047; baseline -0.004 -18"><span class='ocrx_word' id='word_1_97' title='bbox 261 1971 310 2029; x_wconf 84' lang='lat' dir='ltr'><strong>Ex</strong></span> <span class='ocrx_word' id='word_1_98' title='bbox 331 1988 427 2044; x_wconf 88' lang='lat' dir='ltr'><strong>aequo</strong></span> <span class='ocrx_word' id='word_1_99' title='bbox 446 1970 509 2027; x_wconf 83' lang='lat' dir='ltr'><strong>veri</strong></span> <span class='ocrx_word' id='word_1_100' title='bbox 532 1969 716 2047; x_wconf 81' lang='lat' dir='ltr'><strong>coniungens</strong></span> <span class='ocrx_word' id='word_1_101' title='bbox 739 1967 884 2044; x_wconf 89' lang='lat' dir='ltr'><strong>disparile</strong></span> <span class='ocrx_word' id='word_1_102' title='bbox 905 1986 1005 2026; x_wconf 88' lang='lat' dir='ltr'><strong>omne.</strong></span> 
     </span>
     <span class='ocr_line' id='line_1_19' title="bbox 262 2052 1120 2130; baseline -0.005 -17"><span class='ocrx_word' id='word_1_103' title='bbox 262 2053 344 2114; x_wconf 86' lang='lat' dir='ltr'><strong>Nam</strong></span> <span class='ocrx_word' id='word_1_104' title='bbox 365 2072 561 2128; x_wconf 83' lang='lat' dir='ltr'><strong>quaecunque</strong></span> <span class='ocrx_word' id='word_1_105' title='bbox 582 2054 655 2112; x_wconf 88' lang='lat' dir='ltr'><strong>viris</strong></span> <span class='ocrx_word' id='word_1_106' title='bbox 682 2054 833 2124; x_wconf 87' lang='lat' dir='ltr'><strong>sententia</strong></span> <span class='ocrx_word' id='word_1_107' title='bbox 853 2052 990 2130; x_wconf 87' lang='lat' dir='ltr'><strong>pessima</strong></span> <span class='ocrx_word' id='word_1_108' title='bbox 1010 2053 1120 2125; x_wconf 88' lang='lat' dir='ltr'><strong>suasit,</strong></span> 
     </span>
     <span class='ocr_line' id='line_1_20' title="bbox 264 2133 1013 2213; baseline -0.005 -15"><span class='ocrx_word' id='word_1_109' title='bbox 264 2138 412 2198; x_wconf 86' lang='lat' dir='ltr'><strong>Consiliis</strong></span> <span class='ocrx_word' id='word_1_110' title='bbox 434 2139 507 2197; x_wconf 89' lang='lat' dir='ltr'><strong>diris</strong></span> <span class='ocrx_word' id='word_1_111' title='bbox 527 2138 652 2196; x_wconf 86' lang='lat' dir='ltr'><strong>infanda</strong></span> <span class='ocrx_word' id='word_1_112' title='bbox 674 2133 842 2197; x_wconf 76' lang='lat' dir='ltr'><strong>volentibu&#39;</strong></span> <span class='ocrx_word' id='word_1_113' title='bbox 865 2156 1013 2213; x_wconf 86' lang='lat' dir='ltr'><strong>quaeque,</strong></span> 
     </span>
     <span class='ocr_line' id='line_1_21' title="bbox 265 2222 1047 2300; baseline -0.008 -15"><span class='ocrx_word' id='word_1_114' title='bbox 265 2222 337 2285; x_wconf 85' lang='lat' dir='ltr'><strong>Sola</strong></span> <span class='ocrx_word' id='word_1_115' title='bbox 352 2223 454 2300; x_wconf 86' lang='lat' dir='ltr'><strong>iugum</strong></span> <span class='ocrx_word' id='word_1_116' title='bbox 477 2224 634 2299; x_wconf 89' lang='lat' dir='ltr'><strong>imponens</strong></span> <span class='ocrx_word' id='word_1_117' title='bbox 656 2223 779 2283; x_wconf 90' lang='lat' dir='ltr'><strong>iniustis</strong></span> <span class='ocrx_word' id='word_1_118' title='bbox 800 2224 868 2281; x_wconf 88' lang='lat' dir='ltr'><strong>iura</strong></span> <span class='ocrx_word' id='word_1_119' title='bbox 888 2222 1047 2292; x_wconf 84' lang='lat' dir='ltr'><strong>ministris,</strong></span> 
     </span>
     <span class='ocr_line' id='line_1_22' title="bbox 263 2307 984 2381; baseline -0.004 -14"><span class='ocrx_word' id='word_1_120' title='bbox 263 2309 450 2374; x_wconf 84' lang='lat' dir='ltr'><strong>Iniustorum</strong></span> <span class='ocrx_word' id='word_1_121' title='bbox 472 2308 582 2381; x_wconf 87' lang='lat' dir='ltr'><strong>hostis,</strong></span> <span class='ocrx_word' id='word_1_122' title='bbox 604 2307 750 2369; x_wconf 78' lang='lat' dir='ltr'><strong>Sanctum</strong></span> <span class='ocrx_word' id='word_1_123' title='bbox 773 2308 855 2367; x_wconf 87' lang='lat' dir='ltr'><strong>mitis</strong></span> <span class='ocrx_word' id='word_1_124' title='bbox 877 2308 984 2365; x_wconf 83' lang='lat' dir='ltr'><strong>amica.</strong></span> 
     </span>
     <span class='ocr_line' id='line_1_23' title="bbox 263 2392 1091 2470; baseline -0.005 -17"><span class='ocrx_word' id='word_1_125' title='bbox 263 2395 376 2453; x_wconf 87' lang='lat' dir='ltr'><strong>Verum</strong></span> <span class='ocrx_word' id='word_1_126' title='bbox 399 2393 481 2453; x_wconf 83' lang='lat' dir='ltr'><strong>adsis</strong></span> <span class='ocrx_word' id='word_1_127' title='bbox 508 2413 629 2470; x_wconf 85' lang='lat' dir='ltr'><strong>semper</strong></span> <span class='ocrx_word' id='word_1_128' title='bbox 648 2395 750 2453; x_wconf 88' lang='lat' dir='ltr'><strong>fausto</strong></span> <span class='ocrx_word' id='word_1_129' title='bbox 767 2393 837 2452; x_wconf 87' lang='lat' dir='ltr'><strong>Dea</strong></span> <span class='ocrx_word' id='word_1_130' title='bbox 855 2393 977 2451; x_wconf 91' lang='lat' dir='ltr'><strong>numine</strong></span> <span class='ocrx_word' id='word_1_131' title='bbox 1000 2392 1091 2464; x_wconf 90' lang='lat' dir='ltr'><strong>iusta,</strong></span> 
     </span>
     <span class='ocr_line' id='line_1_24' title="bbox 263 2477 1077 2554; baseline -0.006 -15"><span class='ocrx_word' id='word_1_132' title='bbox 263 2479 346 2540; x_wconf 88' lang='lat' dir='ltr'><strong>Vitai</strong></span> <span class='ocrx_word' id='word_1_133' title='bbox 366 2488 400 2538; x_wconf 90' lang='lat' dir='ltr'><strong>ut</strong></span> <span class='ocrx_word' id='word_1_134' title='bbox 420 2480 523 2537; x_wconf 88' lang='lat' dir='ltr'><strong>veniat</strong></span> <span class='ocrx_word' id='word_1_135' title='bbox 543 2480 625 2552; x_wconf 83' lang='lat' dir='ltr'><strong>finis,</strong></span> <span class='ocrx_word' id='word_1_136' title='bbox 647 2498 737 2554; x_wconf 88' lang='lat' dir='ltr'><strong>qnam</strong></span> <span class='ocrx_word' id='word_1_137' title='bbox 758 2481 859 2538; x_wconf 90' lang='lat' dir='ltr'><strong>Morta</strong></span> <span class='ocrx_word' id='word_1_138' title='bbox 882 2477 1001 2554; x_wconf 85' lang='lat' dir='ltr'><strong>profata</strong></span> <span class='ocrx_word' id='word_1_139' title='bbox 1021 2484 1077 2536; x_wconf 81' lang='lat' dir='ltr'><strong>est</strong></span> 
     </span>
    </p>
   </div>
   <div class='ocr_carea' id='block_1_4' title="bbox 264 2649 1176 3576">
    <p class='ocr_par' dir='ltr' id='par_1_7' title="bbox 265 2649 974 2724">
     <span class='ocr_line' id='line_1_25' title="bbox 265 2649 974 2724; baseline -0.006 -16"><span class='ocrx_word' id='word_1_140' title='bbox 265 2649 305 2708; x_wconf 82' lang='lat'><strong>62</strong></span> <span class='ocrx_word' id='word_1_141' title='bbox 458 2650 554 2707; x_wconf 76' lang='lat' dir='ltr'><strong>Divae</strong></span> <span class='ocrx_word' id='word_1_142' title='bbox 574 2649 739 2724; x_wconf 80' lang='lat' dir='ltr'><strong>Aequitatc&#39;a</strong></span> <span class='ocrx_word' id='word_1_143' title='bbox 759 2649 899 2723; x_wconf 80' lang='lat' dir='ltr'><strong>suffimen,</strong></span> <span class='ocrx_word' id='word_1_144' title='bbox 920 2656 974 2705; x_wconf 80' lang='lat' dir='ltr'><strong>tua.</strong></span> 
     </span>
    </p>

    <p class='ocr_par' dir='ltr' id='par_1_8' title="bbox 265 2731 1149 2896">
     <span class='ocr_line' id='line_1_26' title="bbox 266 2731 1149 2809; baseline -0.008 -15"><span class='ocrx_word' id='word_1_145' title='bbox 266 2734 395 2794; x_wconf 84' lang='lat' dir='ltr'><strong>Obana</strong></span> <span class='ocrx_word' id='word_1_146' title='bbox 416 2751 488 2791; x_wconf 87' lang='lat' dir='ltr'><strong>cura</strong></span> <span class='ocrx_word' id='word_1_147' title='bbox 510 2734 676 2807; x_wconf 91' lang='lat' dir='ltr'><strong>hominnm,</strong></span> <span class='ocrx_word' id='word_1_148' title='bbox 695 2733 841 2809; x_wconf 85' lang='lat' dir='ltr'><strong>locuples,</strong></span> <span class='ocrx_word' id='word_1_149' title='bbox 862 2731 1032 2791; x_wconf 89' lang='lat' dir='ltr'><strong>iustissima</strong></span> <span class='ocrx_word' id='word_1_150' title='bbox 1050 2732 1149 2808; x_wconf 84' lang='lat' dir='ltr'><strong>virgo,</strong></span> 
     </span>
     <span class='ocr_line' id='line_1_27' title="bbox 265 2817 1095 2896; baseline -0.007 -16"><span class='ocrx_word' id='word_1_151' title='bbox 265 2817 395 2896; x_wconf 89' lang='lat' dir='ltr'><strong>Semper</strong></span> <span class='ocrx_word' id='word_1_152' title='bbox 415 2838 521 2877; x_wconf 86' lang='lat' dir='ltr'><strong>amans</strong></span> <span class='ocrx_word' id='word_1_153' title='bbox 544 2819 684 2877; x_wconf 86' lang='lat' dir='ltr'><strong>homines</strong></span> <span class='ocrx_word' id='word_1_154' title='bbox 706 2817 846 2895; x_wconf 86' lang='lat' dir='ltr'><strong>aequalia</strong></span> <span class='ocrx_word' id='word_1_155' title='bbox 865 2818 932 2875; x_wconf 88' lang='lat' dir='ltr'><strong>iura</strong></span> <span class='ocrx_word' id='word_1_156' title='bbox 951 2817 1095 2887; x_wconf 84' lang='lat' dir='ltr'><strong>colentes,</strong></span> 
     </span>
    </p>

    <p class='ocr_par' dir='ltr' id='par_1_9' title="bbox 266 2902 1025 2977">
     <span class='ocr_line' id='line_1_28' title="bbox 266 2902 1025 2977; baseline -0.008 -12"><span class='ocrx_word' id='word_1_157' title='bbox 266 2904 294 2964; x_wconf 96' lang='lat' dir='ltr'>O</span> <span class='ocrx_word' id='word_1_158' title='bbox 319 2905 502 2977; x_wconf 80' lang='lat' dir='ltr'><strong>veneranda,</strong></span> <span class='ocrx_word' id='word_1_159' title='bbox 525 2905 615 2962; x_wconf 83' lang='lat' dir='ltr'><strong>beata</strong></span> <span class='ocrx_word' id='word_1_160' title='bbox 634 2903 713 2977; x_wconf 87' lang='lat' dir='ltr'><strong>Dea,</strong></span> <span class='ocrx_word' id='word_1_161' title='bbox 735 2923 752 2962; x_wconf 93' lang='lat' dir='ltr'><strong>o</strong></span> <span class='ocrx_word' id='word_1_162' title='bbox 773 2902 876 2962; x_wconf 88' lang='lat' dir='ltr'><strong>Iuritis</strong></span> <span class='ocrx_word' id='word_1_163' title='bbox 899 2903 1025 2974; x_wconf 88' lang='lat' dir='ltr'><strong>honora,</strong></span> 
     </span>
    </p>

    <p class='ocr_par' dir='ltr' id='par_1_10' title="bbox 265 2988 936 3073">
     <span class='ocr_line' id='line_1_29' title="bbox 265 2988 936 3073; baseline -0.004 -26"><span class='ocrx_word' id='word_1_164' title='bbox 265 2988 356 3047; x_wconf 84' lang='lat' dir='ltr'><strong>Puris</strong></span> <span class='ocrx_word' id='word_1_165' title='bbox 378 2989 497 3049; x_wconf 90' lang='lat' dir='ltr'><strong>iudiciis</strong></span> <span class='ocrx_word' id='word_1_166' title='bbox 518 2990 703 3073; x_wconf 82' lang='lat' dir='ltr'><strong>&#39;dispensans</strong></span> <span class='ocrx_word' id='word_1_167' title='bbox 724 2989 840 3065; x_wconf 90' lang='lat' dir='ltr'><strong>optima</strong></span> <span class='ocrx_word' id='word_1_168' title='bbox 859 2988 936 3068; x_wconf 78' lang='lat' dir='ltr'><strong>iura,</strong></span> 
     </span>
    </p>

    <p class='ocr_par' dir='ltr' id='par_1_11' title="bbox 264 3071 1176 3576">
     <span class='ocr_line' id='line_1_30' title="bbox 264 3071 1133 3133; baseline -0.002 0"><span class='ocrx_word' id='word_1_169' title='bbox 264 3073 333 3133; x_wconf 88' lang='lat' dir='ltr'><strong>Nec</strong></span> <span class='ocrx_word' id='word_1_170' title='bbox 351 3082 483 3133; x_wconf 90' lang='lat' dir='ltr'><strong>mentem</strong></span> <span class='ocrx_word' id='word_1_171' title='bbox 503 3074 661 3133; x_wconf 83' lang='lat' dir='ltr'><strong>labefacta.</strong></span> <span class='ocrx_word' id='word_1_172' title='bbox 684 3073 795 3133; x_wconf 89' lang='lat' dir='ltr'><strong>etenim</strong></span> <span class='ocrx_word' id='word_1_173' title='bbox 820 3080 944 3132; x_wconf 87' lang='lat' dir='ltr'><strong>cunctos</strong></span> <span class='ocrx_word' id='word_1_174' title='bbox 965 3071 1133 3131; x_wconf 81' lang='lat' dir='ltr'><strong>labefactas</strong></span> 
     </span>
     <span class='ocr_line' id='line_1_31' title="bbox 265 3157 1108 3236; baseline -0.002 -20"><span class='ocrx_word' id='word_1_175' title='bbox 265 3158 327 3235; x_wconf 82' lang='lat' dir='ltr'><strong>Qui</strong></span> <span class='ocrx_word' id='word_1_176' title='bbox 348 3168 400 3218; x_wconf 86' lang='lat' dir='ltr'><strong>tna</strong></span> <span class='ocrx_word' id='word_1_177' title='bbox 420 3181 483 3219; x_wconf 89' lang='lat' dir='ltr'><strong>non</strong></span> <span class='ocrx_word' id='word_1_178' title='bbox 506 3160 627 3219; x_wconf 87' lang='lat' dir='ltr'><strong>subiere</strong></span> <span class='ocrx_word' id='word_1_179' title='bbox 650 3160 720 3218; x_wconf 91' lang='lat' dir='ltr'><strong>boni</strong></span> <span class='ocrx_word' id='word_1_180' title='bbox 741 3159 823 3236; x_wconf 84' lang='lat' dir='ltr'><strong>iuga,</strong></span> <span class='ocrx_word' id='word_1_181' title='bbox 849 3158 902 3217; x_wconf 91' lang='lat' dir='ltr'><strong>sed</strong></span> <span class='ocrx_word' id='word_1_182' title='bbox 922 3157 1020 3234; x_wconf 79' lang='lat' dir='ltr'><strong>magis</strong></span> <span class='ocrx_word' id='word_1_183' title='bbox 1039 3157 1108 3232; x_wconf 88' lang='lat' dir='ltr'><strong>ipsa</strong></span> 
     </span>
     <span class='ocr_line' id='line_1_32' title="bbox 265 3241 1025 3319; baseline -0.005 -16"><span class='ocrx_word' id='word_1_184' title='bbox 265 3244 417 3318; x_wconf 91' lang='lat' dir='ltr'><strong>Indomiti,</strong></span> <span class='ocrx_word' id='word_1_185' title='bbox 441 3246 582 3304; x_wconf 88' lang='lat' dir='ltr'><strong>horrifice</strong></span> <span class='ocrx_word' id='word_1_186' title='bbox 605 3244 757 3303; x_wconf 88' lang='lat' dir='ltr'><strong>declinant</strong></span> <span class='ocrx_word' id='word_1_187' title='bbox 782 3245 910 3301; x_wconf 86' lang='lat' dir='ltr'><strong>verbera</strong></span> <span class='ocrx_word' id='word_1_188' title='bbox 930 3241 1025 3319; x_wconf 81' lang='lat' dir='ltr'><strong>flagri.</strong></span> 
     </span>
     <span class='ocr_line' id='line_1_33' title="bbox 267 3325 1176 3405; baseline -0.006 -17"><span class='ocrx_word' id='word_1_189' title='bbox 267 3327 415 3402; x_wconf 84' lang='lat' dir='ltr'><strong>Concors,</strong></span> <span class='ocrx_word' id='word_1_190' title='bbox 437 3331 577 3389; x_wconf 89' lang='lat' dir='ltr'><strong>omnibus</strong></span> <span class='ocrx_word' id='word_1_191' title='bbox 599 3349 704 3405; x_wconf 88' lang='lat' dir='ltr'><strong>aequa,</strong></span> <span class='ocrx_word' id='word_1_192' title='bbox 731 3336 869 3401; x_wconf 86' lang='lat' dir='ltr'><strong>venusta,</strong></span> <span class='ocrx_word' id='word_1_193' title='bbox 896 3327 1043 3398; x_wconf 86' lang='lat' dir='ltr'><strong>dicacula,</strong></span> <span class='ocrx_word' id='word_1_194' title='bbox 1070 3325 1176 3399; x_wconf 85' lang='lat' dir='ltr'><strong>amica,</strong></span> 
     </span>
     <span class='ocr_line' id='line_1_34' title="bbox 266 3412 1058 3492; baseline -0.003 -21"><span class='ocrx_word' id='word_1_195' title='bbox 266 3415 372 3472; x_wconf 84' lang='lat' dir='ltr'><strong>Mania</strong></span> <span class='ocrx_word' id='word_1_196' title='bbox 392 3416 478 3492; x_wconf 82' lang='lat' dir='ltr'><strong>pacis</strong></span> <span class='ocrx_word' id='word_1_197' title='bbox 498 3435 614 3487; x_wconf 85' lang='lat' dir='ltr'><strong>amans,</strong></span> <span class='ocrx_word' id='word_1_198' title='bbox 634 3422 734 3473; x_wconf 88' lang='lat' dir='ltr'><strong>certae</strong></span> <span class='ocrx_word' id='word_1_199' title='bbox 755 3413 950 3489; x_wconf 87' lang='lat' dir='ltr'><strong>cupidissima</strong></span> <span class='ocrx_word' id='word_1_200' title='bbox 969 3412 1058 3469; x_wconf 87' lang='lat' dir='ltr'><strong>vitae.</strong></span> 
     </span>
     <span class='ocr_line' id='line_1_35' title="bbox 266 3498 1119 3576; baseline -0.004 -18"><span class='ocrx_word' id='word_1_201' title='bbox 266 3498 347 3558; x_wconf 90' lang='lat' dir='ltr'><strong>Nam</strong></span> <span class='ocrx_word' id='word_1_202' title='bbox 370 3500 440 3576; x_wconf 87' lang='lat' dir='ltr'><strong>plus</strong></span> <span class='ocrx_word' id='word_1_203' title='bbox 462 3501 653 3575; x_wconf 83' lang='lat' dir='ltr'><strong>deteriusque</strong></span> <span class='ocrx_word' id='word_1_204' title='bbox 676 3499 778 3571; x_wconf 88' lang='lat' dir='ltr'><strong>odisti,</strong></span> <span class='ocrx_word' id='word_1_205' title='bbox 803 3506 833 3556; x_wconf 90' lang='lat' dir='ltr'><strong>et</strong></span> <span class='ocrx_word' id='word_1_206' title='bbox 854 3498 955 3576; x_wconf 83' lang='lat' dir='ltr'><strong>diligis</strong></span> <span class='ocrx_word' id='word_1_207' title='bbox 980 3515 1119 3574; x_wconf 70' lang='lat' dir='ltr'><strong>aequum,</strong></span> 
     </span>
    </p>
   </div>
   <div class='ocr_carea' id='block_1_5' title="bbox 267 3584 988 3667">
    <p class='ocr_par' dir='ltr' id='par_1_12' title="bbox 267 3584 988 3667">
     <span class='ocr_line' id='line_1_36' title="bbox 267 3584 988 3667; baseline -0.001 -26"><span class='ocrx_word' id='word_1_208' title='bbox 267 3584 305 3649; x_wconf 90' lang='lat' dir='ltr'><strong>In</strong></span> <span class='ocrx_word' id='word_1_209' title='bbox 323 3591 355 3667; x_wconf 82' lang='lat' dir='ltr'><strong>te</strong></span> <span class='ocrx_word' id='word_1_210' title='bbox 376 3585 469 3647; x_wconf 84' lang='lat' dir='ltr'><strong>habet</strong></span> <span class='ocrx_word' id='word_1_211' title='bbox 487 3587 601 3657; x_wconf 85' lang='lat' dir='ltr'><strong>virtus„</strong></span> <span class='ocrx_word' id='word_1_212' title='bbox 617 3585 649 3643; x_wconf 91' lang='lat' dir='ltr'><strong>in</strong></span> <span class='ocrx_word' id='word_1_213' title='bbox 672 3584 875 3663; x_wconf 81' lang='lat' dir='ltr'><strong>tesapientia</strong></span> <span class='ocrx_word' id='word_1_214' title='bbox 887 3584 988 3643; x_wconf 86' lang='lat' dir='ltr'><strong>finem.</strong></span> 
     </span>
    </p>
   </div>
   <div class='ocr_carea' id='block_1_6' title="bbox 0 0 1318 4210">
    <p class='ocr_par' dir='ltr' id='par_1_13' title="bbox 0 0 1318 4210">
     <span class='ocr_line' id='line_1_37' title="bbox 0 0 1318 4210; baseline 0 0"><span class='ocrx_word' id='word_1_215' title='bbox 0 0 1318 4210; x_wconf 95' lang='lat' dir='ltr'><strong> </strong></span> 
     </span>
    </p>
   </div>
  </div>
 </body>
</html>
