2604 4210
137 540 289 604 Sacrificis
313 542 397 601 adsis
417 562 435 599 o
458 558 534 618 pura
555 551 656 603 mente
676 543 833 617 ministris,

135 631 285 687 Avertens
306 626 482 704 illegitimae
504 628 681 705 cuppedinis
705 636 818 687 aestus.

135 794 1050 872 Metaurum(lanceatamaaaParcararnaaffimea,orcmata.58

134 884 255 942 Mor-tae
275 880 425 953 infinitae,
447 880 595 958 nigrantis
613 877 715 940 noeti’
736 900 897 958 propagas,

135 967 201 1027 Vos
223 984 364 1042 precoro
389 965 538 1039 celebres,
560 985 638 1042 quae
661 966 871 1025 subcoeleste
894 967 1005 1043 palude

137 1051 207 1128 Qua
226 1068 319 1109 canus
344 1049 444 1124 liquor
461 1050 593 1108 induferi
613 1051 651 1113 da
672 1052 757 1109 fonte
777 1051 889 1109 lavacri

136 1137 264 1195 Labitur
283 1135 399 1194 aeterni
420 1136 543 1212 speeuis
565 1136 620 1194 sub
641 1138 758 1210 pumice
781 1155 886 1211 opaco,

136 1220 228 1281 (lives
249 1220 431 1298 pervolgatis
455 1221 577 1278 alumna
599 1221 764 1279 animantia
787 1229 897 1294 terrae,

135 1307 213 1365 Inde
233 1306 291 1363 loci
310 1305 348 1362 ad
369 1312 529 1364 ventosum
548 1306 700 1365 hominnm
722 1306 848 1380 seclum,
863 1307 943 1379 leve,
957 1306 1047 1364 hians

135 1387 272 1468 Pergiti',
295 1390 450 1449 carbaseis
472 1392 630 1450 obstantes
650 1391 767 1449 lumina
788 1392 877 1465 velis,
952 1391 1048 1467 [spes,

135 1475 236 1536 Fatali
252 1475 284 1533 in
306 1492 426 1550 eampo,
445 1484 479 1533 ut
498 1476 585 1553 bigas
608 1476 686 1534 levis
709 1477 861 1553 aurigatur

136 1560 243 1621 Gloria
263 1559 397 1618 iustitiae
417 1560 455 1617 ad
476 1568 586 1633 metas,
610 1562 737 1638 speique
757 1569 788 1618 et
810 1580 958 1634 curarum,

135 1647 177 1705 Et
194 1646 295 1722 legem
318 1644 410 1716 casei,
430 1647 543 1723 magni,
564 1642 719 1703 laudabili’
738 1646 835 1722 regni.

136 1731 269 1789 Tantum
293 1731 391 1787 Morta
412 1738 459 1789 est
481 1730 555 1789 vitai
576 1730 686 1806 prima,
708 1730 789 1787 haud
812 1730 870 1788 alis
890 1729 970 1792 ullus

135 1816 251 1875 Divdm
272 1814 323 1889 qui
341 1814 469 1891 pedibus
491 1815 616 1892 polsant
636 1814 798 1872 coenacula
823 1814 909 1888 coeli,

135 1902 177 1960 Et
187 1901 263 1959 Iovi'
277 1898 421 1958 certumio
435 1908 491 1960 est.
514 1900 623 1957 etenim
635 1918 713 1974 qnae
725 1907 833 1957 cuncta
843 1906 966 1957 manent
978 1916 1049 1971 nos,

138 1985 270 2045 Tantum
291 1986 398 2056 Morta,
422 1986 567 2060 Iovisque
589 1985 704 2043 aeterni
726 1985 854 2042 daedala
873 2002 959 2043 mens
983 1983 1048 2042 scit.

136 2068 325 2142 Nocturnae,
343 2069 506 2130 mitissima
527 2078 660 2147 pectora,
682 2071 805 2128 numina
822 2071 931 2143 amica,

136 2157 324 2233 Atropeque,
342 2155 521 2229 etLachesi,
537 2163 567 2214 ct
579 2153 717 2228 Oletona,
738 2176 756 2214 o
775 2157 921 2231 patrimae
933 2155 1049 2226 adeste,

131 2241 258 2313 Aerias,
279 2240 408 2313 invisae,
428 2242 563 2313 tetricae,
583 2240 764 2314 irrequietae
783 2241 897 2299 Divae:

138 2326 250 2386 Omnia
269 2326 341 2382 item
363 2327 533 2385 mortalibu'
555 2343 632 2399 quae
651 2325 742 2398 datis,
766 2326 869 2384 omnia
888 2325 985 2382 fertis.

138 2412 264 2483 Omea,
284 2410 410 2484 Martae,
431 2412 532 2469 audite
554 2409 693 2467 lubenter
712 2410 775 2467 liba
797 2427 975 2486 precesque,

136 2495 427 2571 Nubilatergentes
449 2491 634 2554 mordacibu’
658 2503 785 2570 pectora
808 2494 898 2552 curis.

183 2671 355 2731 Gratiarum
374 2688 424 2727 aera
448 2665 635 2725 Veauatatara
657 2663 797 2737 suffimen,
819 2672 969 2721 ataracera.
1009 2658 1050 2719 59

137 2757 254 2816 Adsitis
276 2755 412 2813 celebres
437 2751 570 2809 illustres
595 2747 730 2821 Gratiae,
750 2749 897 2819 honorae,

137 2841 307 2919 Progenies
333 2839 417 2898 lovis
441 2837 531 2908 alma,
552 2834 745 2908 Paludaeque
764 2832 898 2910 Egeriai,

137 2928 268 2985 Maiesta
291 2931 321 2983 et
342 2923 445 2995 Flora,
469 2930 499 2980 et
519 2920 633 2993 Vitula,
658 2918 874 2996 augustissima
896 2916 993 2994 virgo,

138 3012 288 3070 Laetitiae
313 3016 436 3080 matres,
457 3007 589 3084 lepidae,
608 3024 714 3082 purae,
738 3003 911 3075 vitulantes,

138 3095 318 3166 Volturnae,
340 3111 461 3168 semper
478 3091 602 3163 virides,
625 3086 796 3149 mortalibu’
817 3096 932 3166 gratae,

139 3179 258 3239 Votitae
280 3197 404 3258 pucrae,
428 3177 623 3248 Vortumnac,
646 3176 774 3248 coesia‘e,
799 3191 954 3243 amoenae,

139 3265 292 3325 Assiduae
314 3270 435 3323 ventate
456 3259 591 3319 volentes
614 3261 715 3319 fausta
735 3258 883 3319 Camillis.

139 3435 237 3493 Dicae
250 3433 380 3490 Nemee
398 3429 596 3489 Graecanicae
613 3430 736 3505 (Latiae
751 3427 965 3500 Verticordiae)
1009 3421 1052 3483 60

533 3532 610 3571 earm
648 3557 655 3571 .

140 3603 186 3663 Te
206 3620 281 3663 voco
301 3608 331 3659 te
350 3598 494 3669 Nemesis
514 3533 722 3669 victrimeea,
743 3613 855 3674 magna
878 3593 1017 3667 Camilla,
