2586 4214
517 298 522 307 ’
623 340 773 436 ,10-

250 511 409 586 Pnrasque
427 509 598 567 conuivsbit
621 510 675 569 illa
694 508 835 586 pupulas,
888 556 889 561 1

253 594 360 657 Saeuis
378 593 512 654 Achaeis
534 595 714 670 vapulantes
734 595 827 653 lonas

175 679 227 735 990
252 681 380 753 videns,
401 680 537 757 luporum
557 688 588 737 et
609 680 734 739 civicam
756 684 908 755 agrestum
933 696 1050 736 necem.

253 763 380 839 Quando
403 763 540 823 camillus
557 765 695 841 publicus
715 764 825 821 flamen
845 762 967 836 cadens,

251 850 372 909 Primus
392 857 515 926 tepente
537 858 660 928 sparget
678 867 759 907 aram
782 847 939 924 sauguine.

251 936 388 1009 Itemque
408 952 485 993 saxa
504 933 626 1010 plurimi
648 933 819 1005 Tullensia,

251 1019 319 1078 Nec
341 1038 400 1076 non
418 1018 526 1077 marini
548 1019 724 1095 prominens
746 1018 818 1076 Lini
833 1018 947 1095 iugum,
1028 1084 1033 1089 ,

175 1104 227 1159 990
253 1105 395 1182 Regnata
415 1104 541 1162 adibunt
562 1123 634 1164 arva
653 1104 773 1179 priscae
794 1102 954 1165 Amazoni.

251 1189 445 1266 Emancipati
465 1188 595 1247 feminae
618 1206 722 1249 servae
741 1188 822 1264 iugo,

202 1274 214 1303 ⁰
253 1274 349 1349 Quam
372 1272 553 1333 servientem
575 1281 717 1334 strenuae
737 1268 865 1349 v'iragini

255 1360 371 1436 Vagam
390 1358 519 1434 repellet
538 1359 620 1417 unda
640 1358 680 1416 ad
700 1358 840 1433 hospites
865 1355 962 1426 sinus,

252 1442 404 1520 Excnlpta
425 1442 510 1502 cuius
527 1443 705 1501 interemtae
725 1443 841 1499 lumina

177 1531 244 1584 1000
253 1529 332 1587 Leto
355 1534 479 1586 cruento
500 1528 659 1588 minionem
682 1527 802 1586 simium

255 1612 409 1685 sternent,
432 1613 530 1670 trifaci
551 1613 686 1672 saucium
707 1611 858 1689 longurio.

254 1697 445 1758 Crotoniatae
466 1698 616 1756 civitatem
638 1697 758 1755 diruant

252 1783 428 1856 Ammonis,
449 1782 556 1841 fortem
577 1791 722 1842 necantes
744 1780 892 1857 virginem
911 1844 916 1849 ,
956 1779 1164 1855 [Amazonici]

255 1867 383 1941 Cletam‚
405 1869 600 1942 imperantem
625 1868 741 1943 patriae
762 1863 949 1943 cognomini:
1133 1864 1137 1867 “

178 1954 295 2012 1005111
315 1952 386 2011 inde
405 1959 517 2010 terram
537 1953 685 2010 mordicus
708 1949 936 2027 quamplurimi

254 2037 351 2096 Proni
371 2036 570 2113 prehendent‚
593 2056 649 2095 nec
670 2036 828 2095 laboribus
848 2035 913 2097 siue

253 2120 431 2196 Lauret[a]e
452 2121 567 2178 alumni
588 2121 710 2179 moenia
728 2121 900 2195 aequabunt
920 2117 996 2177 solo.

253 2205 317 2264 Alii
339 2205 500 2279 Temnum,
524 2223 583 2280 qua
601 2207 698 2264 fluens
721 2206 871 2266 Ocinarus

254 2292 403 2350 Recentat
424 2309 505 2363 arva,
526 2290 664 2349 februum
687 2299 826 2348 eructans
842 2306 965 2364 aquam,

178 2377 246 2432 1010
254 2377 364 2436 Errore
383 2376 542 2434 lixabundi
567 2384 597 2434 et
619 2376 769 2434 aerumnis
795 2374 901 2432 colent.

256 2460 319 2522 Sed
342 2468 373 2518 et
394 2461 527 2520 secunda
547 2462 637 2519 laude
659 2459 869 2536 pulcritudinis

255 2545 423 2618 Cluentem‚
448 2554 477 2604 et
496 2546 585 2605 almis
605 2566 645 2607 ex
665 2545 862 2622 Lycormaeis
883 2542 970 2618 aquis

253 2631 373 2689 Fortem
394 2649 593 2706 asperumque
615 2631 709 2689 filium
727 2629 849 2707 Gorgos
873 2627 979 2685 ducem

254 2716 344 2773 Modo
366 2715 530 2792 Libyssam
551 2716 680 2774 Thracia
699 2716 730 2773 in
751 2723 862 2772 terram
881 2713 979 2771 ferent

179 2799 403 2873 1015Flabella,
424 2801 515 2860 tentis
536 2800 674 2859 involuta
696 2800 814 2857 linteis:

174 2882 178 2892 ⁸
254 2885 346 2944 Modo
368 2904 408 2943 ex
430 2885 565 2963 Libyssa
583 2903 688 2943 rursus
711 2887 823 2944 Auster
844 2882 984 2940 accidens

255 2970 293 3028 In
313 2970 479 3048 Argyrinos
499 2989 606 3029 versus
628 2979 658 3028 et
679 2968 828 3028 Ceraunia

254 3056 354 3129 Feret,
378 3055 497 3114 sonanti
518 3056 637 3113 turbine
658 3054 809 3113 insultans
832 3052 917 3112 salo:

255 3140 316 3202 Ubi
338 3139 434 3199 rictus
457 3140 519 3199 illis
543 3140 635 3198 durus
659 3138 861 3197 exantlabitur

179 3233 246 3286 1000
255 3223 412 3283 Lacmonii
430 3225 481 3299 qui
502 3226 612 3282 flumen
633 3224 760 3283 Aeantis
781 3224 897 3282 bibunt.

257 3308 409 3386 Civesque
431 3310 532 3386 capiet
554 3308 675 3369 Crathis
697 3327 803 3369 omnes
826 3304 974 3366 Colchicis

255 3394 343 3453 Polis
361 3394 548 3471 propinquus
570 3393 780 3470 Mylacnmque
802 3392 950 3461 terminis,

256 3478 461 3555 Quosounque
484 3479 566 3540 misit
585 3479 792 3555 quaeritantes
811 3478 904 3535 filiam

253 3565 338 3623 Aeas
358 3571 389 3621 et
406 3561 562 3637 Corintho,
581 3582 715 3640 sponsus
737 3564 865 3638 Eidyae‚
888 3563 1055 3637 imperans,
