2604 4210
643 353 793 449 Q

264 522 458 595 Omnitusns,
479 522 632 582 hominum
654 532 792 584 scrutans
816 522 958 582 mortalia
981 525 1086 597 corda,

263 610 398 669 Aeterna
424 616 454 666 et
473 609 655 681 veneranda,
678 609 780 668 colens
804 608 872 668 sola
891 629 985 668 aurea
1007 610 1085 682 iura,

264 690 349 765 Quae
368 692 467 751 varios
489 701 588 752 mutas
612 694 736 752 humani
757 689 882 770 pectori'
904 695 1024 768 fluctus,

264 779 362 854 Quam
389 786 560 855 agnoscunt
579 778 659 838 iuste
673 780 833 838 haerentes
849 780 1048 858 compagibus
1063 799 1181 840 omnes.

263 862 345 922 Nam
366 863 447 922 nosti
465 863 608 922 interiora
628 864 814 935 animorum3
836 865 916 922 haud
937 873 968 923 te
986 865 1083 923 lateat
1093 884 1182 926 meus

263 947 445 1008 Detrectans
467 944 585 1007 rationi’
609 949 724 1026 iugum,
748 949 916 1025 cuppedine
937 949 1050 1024 iniqua.
1080 1018 1082 1022 ¹

264 1031 382 1094 Cuncta
398 1032 504 1106 tueris,
524 1042 631 1092 cuncta
650 1034 748 1107 audis,
771 1042 879 1092 cuncta
900 1033 1130 1095 admoderaris:

263 1118 300 1176 In
323 1127 354 1176 te
374 1125 456 1177 stant
476 1119 616 1177 mortalia
637 1119 720 1191 iura,
742 1119 903 1194 potissima
924 1119 1001 1191 Dia3

263 1203 357 1263 Adsis
380 1203 575 1278 praestitibus
597 1204 666 1282 puri
687 1203 767 1263 sacri
789 1204 973 1276 auxiliatrix,

263 1287 314 1348 Da
331 1287 468 1365 placidas
486 1289 610 1347 rationis
631 1308 717 1371 opes,
738 1289 884 1348 cohibens
903 1289 1026 1347 inimica

265 1372 415 1445 Consilia,
435 1373 622 1446 insidiantia,
641 1373 756 1448 iniqua,
781 1375 923 1450 superba,
947 1374 1078 1433 nefasta.

265 1542 301 1600 ot
477 1542 573 1600 Divae
596 1545 731 1601 Iustitiae
753 1543 893 1617 suffimen,
915 1552 968 1601 tus.

263 1626 403 1686 Iustitiae
426 1628 563 1686 obtestor
583 1628 726 1703 pulchrae
749 1627 943 1686 omnitueutis
966 1627 1109 1700 ocellum,

264 1712 313 1771 Ad
334 1707 409 1770 Iovi'
434 1712 594 1772 Dictatori'
613 1714 699 1772 sedet
716 1731 793 1787 quae
812 1711 930 1772 illustre
951 1713 1095 1787 tribunal,

266 1794 403 1857 coelitus
427 1797 593 1857 endotuens
614 1817 715 1857 mores
737 1797 910 1856 mortalium
929 1797 1108 1871 homonum,

264 1884 364 1956 Atque
386 1882 478 1941 ultrix
499 1883 636 1960 plectens
654 1883 786 1941 humana
806 1882 941 1943 nefantia
958 1882 1049 1956 facta,

264 1968 313 2026 Ex
335 1985 430 2042 aequo
450 1968 512 2025 veri
534 1968 719 2045 coniungens
743 1967 888 2044 disparile
908 1986 1008 2027 omne.

265 2050 348 2111 Nam
368 2070 564 2126 quaecunque
585 2053 658 2111 viris
686 2053 836 2113 sententia
856 2053 993 2130 pessima
1013 2053 1123 2126 suasit,

267 2135 415 2195 Consiliis
437 2136 510 2196 diris
530 2136 655 2196 infanda
677 2133 846 2199 volentibu’
868 2157 1015 2213 quaeque,

268 2219 340 2282 Sola
354 2220 457 2297 iugum
480 2221 637 2297 imponens
659 2222 781 2282 iniustis
804 2223 871 2282 iura
892 2222 1050 2293 ministris,

265 2306 453 2371 Iniustorum
475 2307 584 2381 hostis,
607 2305 753 2367 Senatum
776 2308 858 2367 mitis
880 2309 986 2365 amica.

266 2391 379 2449 Verum
401 2391 484 2451 adsis
511 2411 632 2468 semper
651 2394 753 2452 fausto
770 2393 839 2452 Dea
859 2393 980 2451 numine
1002 2392 1093 2465 iusta,

266 2476 349 2535 vitai
369 2484 402 2534 ut
423 2478 525 2536 veniat
546 2478 627 2551 finis,
650 2497 739 2553 quam
761 2480 862 2538 Morta
885 2478 1003 2554 profatu
1023 2486 1079 2536 est.

267 2645 307 2705 62
461 2648 557 2705 Dicae
576 2647 741 2723 Aequitatla
761 2649 901 2722 suffimen,
923 2656 976 2705 tus.

269 2730 398 2790 Obona
419 2749 490 2789 curu
512 2732 678 2805 hominum,
697 2732 843 2808 locuples,
864 2732 1034 2792 iustissima
1052 2732 1151 2809 virgo,

268 2814 397 2893 Semper
417 2835 523 2876 amans
547 2817 686 2876 homines
708 2817 848 2895 aequalia
866 2819 934 2875 iura
953 2817 1097 2887 colentes,

269 2900 296 2961 O
321 2902 504 2975 veneranda,
527 2903 616 2961 beata
637 2902 715 2975 Dea,
737 2923 754 2960 o
776 2902 878 2961 Iuritis
901 2902 1027 2975 honora,

267 2985 358 3044 Puris
380 2986 499 3047 iudiciis
520 2988 705 3071 dispensans
726 2988 842 3065 optima
861 2988 949 3069 iura,

266 3068 335 3129 Nec
353 3080 485 3130 mentem
504 3072 663 3131 labefacta.
686 3072 797 3131 etenim
821 3081 946 3132 cunctos
967 3071 1135 3133 labefactas

268 3156 330 3231 Qui
350 3166 403 3215 tua
422 3177 485 3216 non
509 3159 628 3216 subiere
652 3159 722 3216 boni
743 3157 825 3234 iuga,
850 3157 904 3216 sed
924 3157 1021 3235 magis
1041 3157 1110 3232 ipsa

266 3240 419 3314 Indomiti,
444 3243 584 3302 horrifice
606 3243 758 3301 declinant
783 3244 911 3300 verbera
932 3242 1027 3320 flagri.

268 3323 417 3400 Ooucors,
439 3329 578 3387 omnibus
601 3346 706 3403 aequa,
732 3335 871 3400 venusta,
898 3326 1044 3400 dicacula,
1071 3327 1177 3398 amica,

267 3411 373 3469 Munia
392 3413 480 3489 pacis
499 3433 615 3486 amans,
635 3421 735 3471 certae
756 3413 951 3488 cupidissima
970 3412 1059 3470 vitae.

267 3493 349 3554 Nam
371 3497 441 3573 plus
463 3498 654 3573 deteriusque
677 3498 779 3570 odisti,
804 3506 834 3556 et
856 3498 956 3576 diligis
981 3517 1120 3574 aequum.

268 3579 306 3645 lu
325 3587 356 3662 te
378 3582 469 3643 habet
488 3584 602 3655 virtus„
618 3583 650 3640 in
672 3591 704 3642 te
721 3584 876 3662 sapientia
888 3584 989 3643 finem.
