2586 4214
623 326 776 426 El,-
866 330 873 351 .

249 498 300 560 Ul.
344 502 385 557 At
405 518 462 575 ego
483 497 604 557 interim
625 500 767 576 praedico
784 499 934 558 Teucrum
952 500 985 558 in
1003 508 1160 577 posterum

139 608 142 613 ·
194 622 196 629 ›
252 584 384 641 Tantum
405 591 545 660 peretum
568 604 670 643 amare
692 603 751 658 me,
772 592 916 659 quantum
936 586 1074 645 oderam.

251 670 412 745 Meemque
434 688 524 746 opem
544 670 597 729 isti
616 669 784 728 funerando
808 670 974 743 conseram,

251 755 352 812 Meum
371 754 525 813 laborem:
550 755 653 830 nilque
674 755 822 827 omittam,
843 755 925 830 qued
945 756 1019 815 viris

174 833 242 887 138⁰
250 839 414 898 Praestare
438 847 564 899 cunctos
587 840 714 898 addecet
733 840 931 901 fortissumis.

251 924 326 983 Teu.
371 923 530 984 Genercse
546 925 671 1002 Ulysseq
697 934 727 983 et
748 926 851 984 omnia
872 926 947 982 heec
970 925 1050 983 dixti
1068 927 1159 1000 bene,

249 1011 290 1068 Et
310 1009 411 1082 leude,
437 1028 608 1086 quenquam
629 1028 677 1067 mc
698 1010 838 1069 fefellisti
860 1010 937 1087 spei.

249 1094 330 1153 Nam
353 1097 405 1170 qui
427 1096 497 1153 heic
507 1095 655 1154 Achivum
671 1095 743 1154 olim
757 1097 892 1155 omnium
908 1095 1161 1171 inimicissumus,

250 1181 358 1240 Iuvisti
381 1181 477 1238 amice
499 1180 589 1239 solus
607 1180 697 1253 hunc,
718 1188 748 1237 et
766 1189 887 1241 mortuo

177 1262 244 1316 1385
255 1266 352 1323 Vivus
375 1266 487 1323 iacenti
508 1265 631 1323 uoluisti
653 1264 792 1337 illuderm'

254 1350 296 1409 Ut
315 1350 367 1406 ille
387 1368 492 1408 veoors
513 1350 692 1426 imperator,
717 1369 754 1407 ee
773 1351 866 1411 leuis:

252 1436 342 1510 Ipse,'
360 1434 494 1509 inquam,
514 1442 547 1491 et
564 1434 641 1492 alter
660 1435 765 1507 frater,
786 1435 871 1492 illum
893 1434 1003 1510 proiiei

255 1517 403 1579 Studueue
423 1520 617 1577 lacerandum
640 1520 837 1596 insepultum,
856 1520 1055 1578 inconditum.

253 1603 312 1678 Qui
334 1605 406 1663 illos
428 1605 554 1682 Olympi
577 1612 678 1663 rector
700 1605 789 1663 huius
812 1605 947 1680 Iuppiter

177 1686 244 1739 ¹390
252 1689 409 1766 Direeque
431 1708 594 1762 memores,
615 1699 704 1765 etque
726 1692 838 1765 perfica
859 1689 943 1761 ultio,

251 1776 463 1834 Lacerendutn
485 1777 528 1833 uti
548 1776 640 1834 istum
662 1776 772 1852 proiiei
793 1775 944 1833 immerito
966 1774 1065 1833 virum

254 1858 414 1933 Studuere,
437 1862 481 1918 ita
505 1878 625 1919 omnes*
632 1861 776 1937 perduint
794 1861 893 1919 malos
915 1859 1005 1917 mele.

254 1944 326 2018 Sed,
347 1965 365 2004 o
386 1964 541 2022 propages
560 1946 643 2002 olere
664 1946 795 2004 Laertae
818 1946 912 2017 senis,

252 2030 326 2088 Nou
349 2030 471 2088 siverim
491 2038 520 2087 te
542 2030 632 2088 funus
647 2031 715 2089 -hoc
735 2032 922 2107 contingere,

177 2112 244 2166 1395
253 2116 296 2174 Ut
313 2114 426 2188 nequid
448 2115 531 2172 exim
549 2123 669 2172 mortuo
692 2115 761 2174 huic
784 2114 934 2194 ingratiis.

253 2198 338 2273 Quod
360 2206 457 2275 potes,
480 2200 511 2256 in
535 2199 604 2258 eliis
629 2218 686 2261 noe
709 2201 789 2258 iuve.
821 2209 851 2258 et
870 2200 898 2259 si
919 2215 1007 2273 quem
1033 2195 1163 2255 exerciti

184 2314 186 2321 v
252 2284 410 2343 Abducere
433 2284 535 2343 animo
558 2293 615 2357 est,
639 2305 688 2342 me
710 2286 834 2367 lubente
855 2284 977 2343 feceris.

172 2364 176 2369 ’
252 2371 319 2447 Ego
343 2377 524 2446 apparatum
549 2379 671 2428 caetere
689 2372 751 2430 ibo.
774 2380 804 2429 te
825 2370 945 2430 interim

252 2452 290 2512 In
315 2474 372 2513 nos
396 2454 494 2514 fuisse
515 2456 691 2514 memineris
715 2475 835 2513 munem
857 2456 963 2515 virum.

177 2534 304 2599 ¹400Ul.
338 2539 437 2597 Velim
460 2541 591 2616 quidem.
613 2549 645 2598 at
667 2542 694 2599 si
709 2534 819 2599 ,munia
838 2542 900 2602 iste
921 2534 1100 2609 meexcqui

254 2624 324 2683 Tibi
345 2642 407 2683 nou
428 2627 556 2683 amicum
578 2633 636 2698 cst,
659 2626 751 2684 leudo
773 2627 946 2685 consilium.
971 2620 1051 2681 vele.

252 2709 329 2767 Teu.
370 2707 434 2769 Set.
456 2719 574 2786 tempus
595 2711 673 2769 enim
697 2712 756 2769 iam
778 2713 900 2770 multum
924 2710 1031 2788 agitur.

254 2792 316 2854 Sed
340 2793 452 2853 fossam
475 2813 557 2870 pars,
577 2796 629 2867 ite,
654 2814 797 2872 capacem

159 2872 163 2879 ’
253 2879 423 2956 Properate
442 2899 549 2940 mauu:
570 2899 642 2957 pars
666 2881 763 2956 tripes
785 2888 885 2940 eutem

254 2965 295 3022 Et
315 2964 493 3025 lustralibus
513 2966 603 3025 nudis
627 2965 762 3042 tepidum

253 3049 364 3107 Ponite
382 3050 515 3109 labrum:
538 3070 609 3126 pars
629 3070 691 3108 una
713 3051 804 3110 domo

254 3135 372 3192 Efferat
392 3135 474 3195 intus
497 3137 563 3193 duri
586 3135 721 3212 insignia

253 3224 347 3278 Arme
368 3220 470 3277 duelli.

255 3303 317 3365 Sed
338 3314 380 3377 tu,
402 3312 544 3379 quantum
568 3313 669 3381 potes,
692 3304 770 3363 elme
791 3323 878 3380 puer,

253 3389 377 3448 Patrios
399 3399 483 3448 ertus
501 3408 616 3447 mecum
640 3389 811 3465 amplexus,

254 3474 381 3546 Attolle,
403 3475 480 3535 leve.
503 3493 631 3549 namque
653 3475 770 3533 cruoris

203 3600 205 3603 v
256 3557 401 3619 Salientis
423 3559 522 3619 edhuc
542 3559 638 3636 tepidi
659 3559 740 3616 tullii

855 3190 864 3223 Ι
