2532 4216
680 331 720 390 82

242 498 316 560 Non
337 498 384 559 illi
400 499 494 575 prisci
516 507 663 560 certasset
682 519 787 560 norme
803 497 945 572 Cratetis,

243 583 318 645 Non
336 583 420 643 cuius
441 584 563 662 spurios
582 604 689 646 versus
710 603 839 645 censura
856 585 985 657 notovit,

242 671 284 729 Et
305 670 391 729 laeso
413 688 433 726 a
455 669 573 729 mendis
597 670 702 730 obelos
722 670 880 745 impressit
900 669 1050 728 Homero.

244 754 297 818 Sic
316 755 418 812 firrtim
439 764 559 832 ereptos
582 755 702 814 blandis
724 754 892 813 nutricibus
915 772 1014 813 annos

243 839 389 898 Erudiere
411 839 509 913 Dese,
530 841 626 898 donec
645 840 690 899 vis
713 840 823 900 mentis
849 838 972 897 edultue

243 926 293 985 Ad
311 944 440 1003 magnos
463 943 584 998 census,
607 925 805 1002 gravioraque
828 932 935 1000 caepta
954 930 1082 981 vocaret

244 1009 331 1068 Tunc
352 1009 430 1082 Dea,
452 1028 542 1085 quum
563 1029 659 1086 penes
681 1017 728 1069 est
749 1008 847 1068 cultae
869 1008 1153 1088 incundinlingune‚

245 1096 333 1171 Quae
354 1095 442 1154 dotes
463 1096 523 1153 oris
547 1096 661 1168 tribuit,
682 1113 867 1173 regnumque
890 1093 1044 1168 loquendi,

244 1179 347 1239 Induit
368 1179 475 1240 Actaei
499 1198 623 1255 puerum
644 1179 861 1239 Demosthenis
883 1198 984 1237 mmet

243 1264 369 1339 Eloquii
388 1265 522 1324 florentis
547 1284 632 1341 opes,
653 1271 861 1340 momentaque
883 1263 966 1323 fundi

245 1349 363 1418 Tradit,
387 1356 417 1406 et
439 1347 584 1408 amonitus
608 1357 702 1407 artem
724 1368 802 1424 qnae
823 1356 980 1426 permovet
1001 1366 1103 1421 aures,

223 1424 439 1507 ‘Arbitrioque
462 1452 518 1492 suo
541 1434 716 1493 moderetur
736 1434 824 1493 frenc
837 1452 985 1493 coronae.

245 1518 305 1577 His
314 1514 420 1577 'sacris
443 1519 588 1592 imbutus,
610 1519 663 1592 eit,
685 1525 755 1596 pete
775 1519 881 1577 iimina
901 1519 1014 1597 legum,

247 1601 333 1677 Quae
351 1603 407 1661 tibi
426 1604 554 1662 recludit
576 1604 669 1663 nostri
690 1604 801 1662 fiducie
822 1604 939 1663 ductus.

246 1687 289 1748 Ut
308 1696 426 1746 rectore
448 1707 566 1761 carens,
586 1698 616 1747 et
637 1689 723 1748 nullo
745 1689 861 1768 remige
880 1696 946 1746 tuta

246 1773 426 1832 Ludibrium
448 1775 531 1832 venti
552 1775 666 1852 puppis
688 1776 816 1832 iactetur
834 1775 867 1841 in
886 1773 993 1831 undis:

247 1856 299 1919 Sic
320 1860 489 1933 quicunque
513 1860 594 1918 subit
610 1859 769 1918 Themidis
795 1859 929 1918 sacraris
949 1858 1067 1933 Mystes

246 1942 338 2001 Lucis
360 1961 453 2020 egens
474 1951 610 2017 nostrae,
637 1944 811 2018 cunctisque
832 1944 986 2018 paratibus
1010 1945 1115 2017 orbus,

247 2027 335 2102 Quos
356 2029 472 2084 munire
496 2027 594 2085 solent
616 2029 717 2103 pueris
741 2028 928 2088 discentibus
952 2029 1061 2088 Artes:
1165 2059 1169 2067 ·
1250 2016 1251 2063 ἶ

246 2110 400 2171 Exclusus
421 2111 584 2171 commissa
603 2112 677 2185 luet,
700 2114 780 2189 quod
798 2120 897 2171 mente
919 2113 1050 2189 profana

246 2196 326 2255 Iuris
348 2196 505 2256 inaccesso
526 2198 631 2274 posuit
651 2198 781 2275 vestigia
803 2197 887 2257 luco:

247 2281 288 2339 Et
310 2299 462 2354 nunquam
482 2283 566 2341 visus
589 2282 688 2359 adytis
710 2282 852 2341 immittet
873 2282 998 2360 opertis.

249 2365 352 2424 Exere
375 2366 521 2427 vividulos
542 2368 635 2426 enimi
658 2368 781 2428 solertis
803 2368 957 2443 ocellos[‚]

249 2449 328 2511 Cure
350 2470 435 2526 puer.
458 2459 489 2510 tc
510 2453 578 2511 iure
597 2462 714 2528 vocant,
738 2472 908 2528 arcensque
928 2453 1039 2531 legum.

249 2534 295 2593 Te
315 2553 372 2593 suu
392 2536 522 2594 votivum
544 2539 668 2598 Themis
688 2540 720 2598 in
741 2538 909 2615 penetralia
931 2538 1032 2612 mittit,

249 2617 335 2692 Quae
355 2627 386 2676 te
405 2623 564 2696 purpureis
587 2624 733 2684 insertum
757 2623 899 2683 Patribus
923 2622 996 2682 olim

251 2703 390 2782 signabit
408 2705 534 2778 meritis,
553 2727 714 2787 rerumque
734 2710 871 2787 imponet
889 2707 1028 2767 habenis.

249 2789 345 2849 Disce
367 2788 436 2864 quis
459 2789 552 2848 officii
570 2793 670 2869 limes,
699 2813 777 2871 qnae
796 2793 903 2870 regule
923 2792 1008 2865 recti,

250 2872 327 2947 Quis
348 2873 431 2933 licito
454 2875 537 2949 finis,
557 2881 681 2938 vetitum
702 2897 778 2953 quse
799 2897 902 2954 poene
922 2885 1080 2954 sequetur:

252 2958 364 3035 Qualia
381 2960 429 3019 bis
452 2961 535 3020 senis
555 2964 666 3023 tabulis
693 2981 822 3023 sanxere
844 2961 988 3035 Quirites,

250 3046 313 3105 Aut
333 3043 488 3104 Praetoris
509 3045 620 3119 honos,
641 3055 692 3105 eut
713 3045 855 3108 Caesaris
876 3048 939 3105 elta
956 3054 1104 3124 potestas.

251 3129 376 3189 Artibus
400 3131 501 3188 excitu
521 3131 568 3190 his
591 3132 727 3195 homines
751 3134 883 3192 Astraea
902 3131 1018 3205 revisit,

251 3214 433 3273 Praetulerit
456 3216 593 3290 quemvis
614 3216 712 3274 telluri
731 3217 842 3290 sidere,
863 3226 1022 3294 postquem

251 3301 355 3357 Aures
373 3300 503 3358 deterius
524 3300 640 3359 vitiavit
659 3301 743 3359 secla
764 3303 928 3362 metullum.

252 3383 312 3443 His
334 3402 453 3459 quoque
474 3384 629 3443 barbarico
649 3386 851 3460 squullescere
875 3387 979 3445 seculo
998 3388 1058 3446 ritu

252 3467 439 3539 Dediscunt3
462 3476 502 3541 et,
525 3469 576 3543 qui
598 3469 694 3528 voluit
714 3472 834 3529 feritate
853 3472 962 3546 timeri,

252 3554 324 3612 Iure
345 3554 438 3611 timet.
461 3552 612 3628 Vmidum,
634 3556 793 3632 saevisque
815 3557 968 3633 potentius
992 3559 1096 3633 armis,
