2532 4216
616 338 767 432 Α

234 506 288 564 Ait
309 503 406 564 fuisse
426 504 562 583 litigator
582 508 733 584 optimus3

234 589 345 666 Neque
366 589 458 648 ullius
480 590 612 649 tribunal
635 593 764 649 arduum*
784 591 845 649 fori

234 673 389 750 Nequisse
407 692 584 749 personare,
608 677 674 735 sive
697 676 814 754 legibus
873 714 875 719 -

237 760 325 836 Opus
347 760 425 817 foret
444 758 566 833 latrare,
590 761 656 820 sive
677 761 792 839 iurgiis.

236 844 276 903 Et
296 845 352 902 hoc
371 852 462 922 neget
484 864 592 904 severa
611 844 830 923 Nittiobrigum

235 929 357 1009 Negare
378 938 476 1006 septa,
499 931 730 1006 vasconumque
753 932 864 1004 curias,

235 1015 388 1093 Aginnum
410 1015 512 1089 inane,
535 1014 778 1091 Condomumque
800 1015 995 1092 inhospitum,

235 1100 428 1172 Lemovices,
450 1107 609 1175 trucesque
631 1101 833 1178 Petragcrics.

235 1185 297 1245 Ubi
317 1185 377 1243 iste
399 1193 468 1260 post
489 1185 634 1262 maginus,
659 1194 749 1243 antea
770 1186 827 1243 fuit

235 1270 376 1327 Lauerna
397 1269 483 1342 iuris,
506 1278 536 1327 et
553 1278 700 1346 patronus
722 1271 753 1328 in
774 1270 842 1329 foro
909 1298 911 1309 =

235 1355 390 1429 Loquente
411 1371 503 1431 saepe
524 1374 599 1413 voce
618 1356 746 1434 prodidit
763 1375 844 1415 reos.

237 1438 373 1499 Cadurce
396 1440 513 1511 rabula,
535 1450 565 1497 et
588 1440 700 1500 Tolosa
718 1448 890 1511 contumax,

236 1524 308 1582 Tibi
327 1524 402 1580 haec
419 1524 517 1583 fuisse
538 1532 567 1582 et
587 1545 657 1584 esse
678 1525 888 1603 cognitissima

235 1608 287 1668 Ait
308 1608 459 1686 magirns:
480 1609 587 1667 ultima
609 1631 647 1668 ex
666 1611 780 1688 origine

236 1694 312 1753 Tuis
329 1713 473 1770 crepasse
492 1695 560 1752 iura
583 1696 656 1754 dicit
674 1697 705 1754 in
731 1696 858 1768 scholis,

236 1779 304 1837 Tua
322 1779 478 1841 intonasse
499 1780 617 1858 legibus
641 1781 765 1840 sedilia:

235 1865 275 1922 Et
295 1864 367 1922 inde
391 1865 482 1923 surda
506 1886 561 1942 per
579 1873 625 1923 tot
647 1867 765 1924 urbium
786 1866 855 1925 fora

236 1947 354 2025 Stipem
375 1950 543 2022 extudisse‚
566 1951 655 2007 laeva
676 1951 741 2008 sive
766 1951 892 2027 dextera
931 1981 937 1991 ·

236 2034 373 2111 Rogaret
392 2054 474 2107 aere,
499 2036 563 2093 sive
585 2042 740 2109 utramque
764 2034 902 2110 pluscula

235 2119 371 2176 Pecunia
390 2128 532 2197 gravaret
549 2119 702 2194 improbus
719 2138 857 2178 manum.

234 2201 344 2278 Neque
368 2204 432 2261 ulla
451 2213 523 2262 vote
545 2202 708 2263 curialibus
728 2204 793 2262 deis

236 2287 302 2349 Sibi
325 2308 395 2347 esse
416 2289 507 2361 facta,
526 2306 593 2344 cum
616 2288 728 2345 rediret
749 2309 767 2346 a
788 2288 851 2347 foro

236 2374 374 2434 Onustus
397 2392 468 2430 aere
490 2373 627 2447 adusque
646 2373 800 2451 propriam
825 2374 954 2434 domum.

236 2457 298 2519 Sed
316 2459 392 2516 haec
411 2457 496 2534 prins
517 2459 614 2516 fuere:
636 2478 715 2516 nunc
735 2459 848 2517 cibaria

235 2543 352 2620 Ligurit
374 2550 475 2615 uncta,
499 2562 591 2618 seque
612 2544 731 2601 dedicat
752 2544 807 2603 tibi

236 2627 348 2687 Gulina
365 2627 461 2700 dives,
485 2636 516 2686 et
535 2627 635 2686 culina
656 2629 767 2688 divitis.
832 2632 836 2649 ¹

552 2796 599 2854 11.
645 2800 683 2855 In
705 2801 831 2856 eundem.

235 2881 325 2940 Nunc
345 2881 424 2940 ollas
447 2889 570 2955 tractas,
594 2884 730 2942 tractasti
750 2883 847 2961 iurgia
867 2881 1035 2957 quondam:

235 2967 307 3024 Iura
324 2966 404 3026 idem
431 2966 537 3026 solitus
560 2967 700 3041 vendere,
724 2969 790 3026 iura
812 2967 926 3045 coquis.

311 3134 358 3193 12.
402 3138 441 3194 In
463 3139 580 3195 citatum
602 3142 744 3214 quendem
765 3159 823 3197 non
844 3141 1068 3213 respondentem.

234 3219 419 3296 Proscripsit
439 3229 491 3279 tua
513 3230 612 3297 teque,
632 3224 709 3299 quod
732 3223 840 3281 citatus

235 3303 305 3362 Non
323 3306 530 3381 responderis,
551 3309 682 3385 optimus
704 3306 844 3368 Senatus.

234 3388 305 3447 Non
323 3391 403 3450 assis
423 3391 516 3463 facis3
539 3399 569 3449 et
588 3412 710 3470 gravem
729 3389 877 3450 tremendi

235 3475 348 3552 Legem
370 3478 523 3549 carminis,
547 3495 583 3534 ac
602 3496 709 3536 severa
727 3477 813 3536 iussa

234 3559 367 3620 Tantum
385 3562 478 3621 verba
497 3569 602 3639 putes:
625 3570 714 3622 notas
735 3561 870 3634 honoris,
