2586 4214
568 367 631 429 sm

146 537 301 613 Munimen
322 534 401 593 ictus
421 534 540 609 hostici,
561 546 651 613 eaput
670 544 760 614 teget.

146 610 265 682 Intacta
286 619 482 679 vermiculata
502 620 663 680 claxendix
682 621 791 680 domos

148 705 290 769 Servabit
308 704 396 777 alias,
417 705 524 765 incolis
546 707 696 785 stupenda
715 725 781 765 res:

148 791 235 866 Quod
255 790 370 867 templa
390 790 430 848 ad
452 789 514 848 alta
538 791 730 868 siderumque
753 790 873 851 subices

147 877 250 937 Ducet
274 875 351 933 dnos
371 874 540 951 Lapersios
560 878 781 948 medioxumos‚

149 963 237 1038 Quos
258 979 411 1036 nunquam
430 961 461 1020 in
486 963 586 1020 orbem
607 962 745 1038 Iuppiter
767 978 893 1039 sospes
890 978 1000 1061 meum

147 1045 249 1107 Duxis
272 1045 447 1120 bipraedem
469 1045 652 1105 liberaturos
676 1047 789 1104 subim:

148 1131 216 1191 Nec
237 1130 286 1189 vel
309 1130 425 1188 celoces
446 1131 631 1192 instruentes
653 1131 808 1204 classium,

148 1218 299 1293 Epnppe
323 1234 440 1273 summa
461 1217 591 1294 nudipes
614 1216 775 1294 vestigium

148 1300 266 1360 Hostes
289 1307 410 1360 vetusto
433 1299 602 1378 Bebrycum
623 1302 751 1378 infigant
773 1301 855 1361 solo:

148 1381 258 1462 Neque
280 1386 337 1443 hos
361 1385 466 1445 leones
490 1395 648 1446 anteuntes
672 1387 798 1459 viribus,

148 1471 228 1532 Duri
248 1470 357 1542 duellc,
378 1488 513 1546 quosque
534 1474 653 1530 Mavors
678 1472 818 1548 armiger,
857 1500 859 1504 ·

151 1558 239 1633 Quos
258 1554 421 1627 Nerienes,
441 1554 539 1632 Capta
560 1576 636 1631 quos
658 1559 740 1627 amat
761 1556 818 1613 dea

149 1642 247 1702 Boum
267 1641 348 1718 iuga,
375 1648 405 1697 et
428 1639 541 1700 Curitis
563 1641 724 1699 Homolois
745 1640 811 1705 dea.

150 1727 238 1785 Haec
260 1744 338 1800 quae
359 1724 494 1784 cluentes
516 1734 581 1783 arte
599 1726 716 1784 fabrica
738 1724 806 1798 duo,

150 1810 425 1885 Querquetulanus‚
447 1808 569 1870 Consus
598 1818 628 1868 et
650 1809 801 1869 Cromnae
822 1809 988 1886 imperans,

151 1895 297 1957 Struxere
320 1895 471 1970 quondam
494 1896 644 1973 peieranti
667 1895 805 1971 principi,

151 1980 261 2040 Orodis
285 1980 364 2038 diem
387 1998 479 2039 unum
503 1982 555 2039 vix
574 1981 654 2056 lupis
677 1980 852 2041 suffecerint

150 2067 221 2126 Vim
242 2065 431 2124 fulminantis
454 2067 586 2143 impetus
610 2065 774 2143 depellere,

152 2150 298 2224 Quamvis
321 2151 353 2207 in
377 2152 496 2210 arcibus
518 2150 739 2210 Canastraeum
762 2169 884 2229 gravem

152 2235 296 2313 Giganta,
319 2243 465 2295 constans
486 2237 614 2296 hostium
635 2235 824 2314 repagulum,

152 2321 318 2392 Habentia,
338 2328 429 2397 atque
452 2330 535 2379 certa
555 2323 686 2400 primum
706 2322 833 2380 verbera

152 2407 281 2465 Vibrere
300 2413 453 2483 promtum
471 2406 653 2466 lancinatori
674 2406 787 2483 gregis,

152 2493 193 2550 Et
215 2491 300 2550 cuius
321 2491 384 2549 iras
406 2490 520 2566 primus
546 2491 691 2549 accendet
711 2506 820 2567 graves

152 2579 306 2653 Acceptor
328 2595 408 2648 acer,
434 2576 581 2634 lubricum
603 2575 711 2634 saltum
733 2575 842 2645 citans,

151 2663 227 2721 Flos
250 2661 316 2736 ipse
337 2660 475 2734 Graidm,
498 2661 545 2718 cui
567 2660 773 2736 Dolongorum
794 2658 918 2736 elegans

155 2746 238 2807 Olim
260 2745 431 2823 sepulcrum
451 2747 518 2821 ripa
540 2746 681 2803 defuncto
704 2750 793 2820 parat

154 2832 297 2890 Rumona
316 2848 411 2911 cornu
430 2828 608 2908 prominens
628 2829 819 2906 peninsulae.
906 2856 910 2861 ·

153 2916 289 2977 Accedet
309 2916 521 2992 insperatus[,]
546 2916 671 2974 accedet
691 2923 792 2973 tamen

154 3001 255 3061 Nobis
278 3002 392 3059 amicus
413 3020 522 3078 sospes
545 3002 634 3073 umis,
656 2999 822 3076 Drymnius
875 3018 879 3025 ·

154 3086 240 3146 Deus
261 3086 481 3145 Promantheus
503 3086 649 3163 Aethiops
673 3083 854 3162 Gyrapsius,

155 3171 215 3245 Qui
235 3172 391 3230 bitientem
414 3172 532 3246 quando
551 3173 708 3230 Mutunum
729 3170 815 3228 atriis

154 3256 323 3315 Nocentem
342 3276 445 3314 amare
467 3257 563 3332 pestis
583 3257 742 3314 admittent
763 3273 859 3335 reum,

155 3343 196 3401 Et
216 3361 293 3417 quos
317 3344 436 3416 acerba,
459 3360 592 3418 quosque
614 3361 715 3399 rerum
735 3340 905 3417 asperrima

155 3428 293 3501 Manent,
316 3427 395 3504 dape
420 3435 509 3502 atque
528 3426 637 3484 inferio
658 3426 801 3485 libamine

155 3510 290 3572 Mactare
310 3514 500 3572 conabuntur
515 3512 660 3571 immitem
680 3510 822 3589 Crepum.

157 3596 288 3657 Gravem
308 3599 466 3657 tumultum
490 3606 585 3675 ponet
606 3598 637 3655 in
656 3598 805 3657 convivio.
