2532 4216
576 360 726 459 *ld-

197 532 227 592 Ο
248 530 327 589 male
347 529 501 589 victorem!
521 531 602 604 qnod
621 549 678 589 nos
696 530 860 606 adgressus
879 528 1023 603 inermes,

241 615 332 693 Quod
352 623 403 672 tua
425 633 484 672 non
507 632 579 674 arcu
597 614 729 692 reppulit
748 632 834 675 erma
856 632 922 672 suo.

197 782 227 841 6.
268 784 307 840 In
328 781 456 840 Pulieem
477 780 651 841 Cattorioae
673 785 724 842 des
743 782 862 853 Bootes,
883 784 1109 860 eleyaoussimoe

582 871 721 943 poetriae.

198 949 347 1009 Pulieelle
369 950 465 1027 niger,
489 932 600 1028 nigelle
621 951 731 1024 Pulex,

198 1035 353 1093 incitatior
373 1033 511 1093 haedulis
524 1036 673 1112 petulius,

198 1119 368 1179 Delicatior
388 1119 522 1178 hinnulis
544 1112 685 1194 tenellis,

198 1204 291 1264 Docti
311 1222 440 1282 passere
461 1205 587 1279 nequior
609 1204 732 1278 Catulli,
877 1252 879 1257 -

199 1288 314 1350 Stellae
336 1288 477 1347 blandior
496 1289 599 1348 elbnla
615 1291 770 1362 columbe3

198 1374 269 1450 Qua
287 1382 317 1432 te
338 1392 504 1449 prosequar
525 1394 617 1432 aurea
639 1375 784 1435 osmensi

198 1459 269 1535 Quo
289 1466 319 1516 te
338 1458 461 1516 nomine
477 1460 659 1535 praedicem,
680 1481 700 1519 o
718 1461 807 1519 beate

198 1543 298 1602 Pulex
319 1543 445 1620 pumile,
467 1545 616 1621 pumilille
633 1545 756 1604 Pulex?

197 1632 247 1689 An
269 1628 360 1704 quod,
378 1646 444 1686 cum
466 1628 541 1689 libet
564 1650 599 1691 os
624 1649 712 1689 mese
732 1627 855 1707 puellae

198 1713 267 1772 Tuo
291 1733 442 1790 purpureo
464 1734 516 1773 ore
537 1714 701 1775 suavioris:

198 1798 285 1872 Mihi,
305 1816 373 1856 eum
393 1798 478 1872 libet,
502 1820 538 1859 os
560 1819 646 1858 mene
666 1800 787 1877 puellae

199 1885 270 1943 Meo
293 1903 355 1942 non
376 1882 448 1942 licet
469 1905 523 1944 ore
546 1885 712 1944 suaviaril‘

198 1970 247 2031 An
269 1968 350 2044 quod
371 1986 438 2026 eum
461 1969 553 2029 subiit
573 1969 633 2027 cibi
653 1968 804 2044 volupiae,

200 2050 275 2111 Non
297 2052 329 2110 in
353 2054 531 2130 quadriviis,
551 2072 649 2128 neque
670 2053 841 2130 angiportis

197 2137 331 2199 Plebeos
352 2139 458 2198 avidus
479 2139 562 2197 eibos
583 2137 701 2215 liguris,

200 2221 263 2283 Sed
280 2223 311 2280 in
333 2222 473 2285 lacteolis
494 2223 593 2282 latens
615 2221 752 2298 pupillis,

198 2307 334 2386 Tingens
355 2307 496 2386 virgineo¹
513 2326 619 2366 eruore
640 2314 784 2379 rostrum,

198 2392 313 2452 Plenus
336 2392 466 2452 necteris
494 2400 524 2451 et
548 2401 632 2452 satur
652 2391 785 2452 recedis:

199 2479 272 2536 Mox
293 2477 511 2538 onoumsiliens
533 2478 625 2537 modo
645 2478 703 2536 hue
723 2479 814 2541 modo
836 2480 919 2553 illue,

200 2564 301 2621 Meros
324 2562 461 2635 delicies,
484 2582 586 2623 meros
609 2580 737 2634 amores,

199 2647 295 2705 Ludis
321 2646 421 2706 ebrius
447 2647 478 2705 in
501 2647 570 2706 sinu
593 2647 734 2725 puellae?

199 2734 288 2792 Anne
310 2731 388 2805 quod
410 2731 539 2791 Veneris
561 2733 686 2792 satelles
708 2733 806 2807 audis,

199 2816 322 2875 Vindex
342 2815 501 2875 felsidiese
522 2818 680 2893 malaeque
703 2817 836 2897 linguae,

200 2899 276 2960 (lum
299 2900 422 2977 periura
442 2901 529 2961 Deos
550 2903 655 2979 puella
676 2903 777 2977 laesit,

199 2989 299 3063 Atque
322 2985 468 3046 ulciscere
491 2988 612 3048 seuoios
635 3007 767 3061 amores,

200 3071 287 3129 ueris
309 3071 461 3131 morsibus
482 3081 631 3151 appetens
651 3073 802 3132 lacertos?

199 3155 259 3213 Illa
280 3155 312 3215 in
334 3155 453 3216 insidiis
474 3167 604 3232 moreto,
628 3157 688 3217 soli

200 3239 359 3299 Vindictae
379 3241 526 3316 imminet,
544 3263 581 3302 so
600 3244 708 3302 favens
731 3240 841 3313 dolori,

201 3323 361 3403 Suspenso
382 3328 543 3387 meditetur
564 3346 664 3405 ungite
684 3333 823 3385 mortem:
928 3324 1109 3401 [suspensor]

200 3410 251 3468 Tu·
271 3413 381 3472 cessim
402 3413 496 3490 fugis,
519 3421 549 3472 et
570 3413 649 3490 iugis
671 3411 832 3480 recessim3

199 3498 245 3555 Ae
267 3498 454 3561 subsultibus
477 3497 547 3556 hine
570 3505 600 3557 et
617 3496 688 3555 hino
706 3495 806 3555 citetis

199 3581 311 3644 Vibras
333 3582 482 3654 cruscula,
505 3589 535 3641 et
554 3582 708 3658 improbes
727 3579 850 3657 puellus
