2532 4216
483 376 634 472 L

138 545 240 618 Atque
264 544 349 621 gravi
367 563 468 603 rerum
490 547 574 607 fasee
592 546 694 605 levare
717 564 831 606 senem.

99 628 136 688 Et
154 628 211 686 tibi
235 649 300 688 non
322 630 448 688 deerant
470 631 538 691 istis
559 632 635 691 satis
659 631 763 708 ampla
783 632 923 709 gerendis

137 712 310 787 Praesidio,
332 724 362 772 et
381 723 521 790 poterant
540 719 617 774 haec
638 733 715 774 onus
740 734 810 777 esse
832 725 923 776 tuum.

98 796 175 857 Nam
194 799 254 857 tibi
276 800 322 859 ris
342 800 486 876 prudens,
510 809 540 859 et
559 820 661 859 rerum
680 803 831 862 maximus
853 820 955 874 usus‚.

136 882 178 941 Et
199 884 345 961 gravibus
367 885 447 943 curis
468 886 543 945 utile
559 894 663 963 peetus
685 894 758 944 erat.

98 966 178 1042 Quas
198 969 286 1029 dotes
307 989 368 1028 nno
388 970 498 1031 elausit
516 989 595 1029 mors
618 972 705 1049 nigra
724 970 849 1043 feretro,

136 1056 182 1111 Ac
204 1072 308 1113 seeum
329 1053 431 1114 Patris
454 1064 579 1131 votoque
600 1073 745 1133 spemque
767 1056 844 1113 tulit.

13 1144 14 1223 ζ
96 1139 225 1212 Atros,
244 1158 265 1197 'o
287 1157 440 1217 proceres,
463 1141 561 1214 eaelo,
583 1142 636 1218 pie
656 1141 744 1199 turba
764 1149 895 1217 recepta,

13 1232 14 1289 Τ
136 1222 334 1301 Principibus
354 1225 463 1299 quibus
485 1236 533 1285 est
553 1225 644 1285 Curia
660 1232 744 1283 reeta
762 1225 847 1299 viris,

13 1324 14 1329 ¹
97 1307 187 1365 Alma
210 1310 321 1385 quibus
344 1309 454 1386 pietas,
478 1319 509 1368 et
530 1310 775 1370 servantissimus
797 1311 887 1387 aequi

137 1391 269 1471 Semper
291 1413 379 1453 amor
397 1395 516 1454 facilem
539 1397 611 1454 feeit
631 1396 669 1453 ad
690 1404 773 1454 astra
793 1396 887 1455 viam:

97 1479 235 1556 Accipite
253 1480 333 1537 hano
355 1478 497 1539 animam.
520 1500 582 1540 non
605 1489 651 1540 est
672 1499 709 1538 ea
729 1481 854 1540 conscie
874 1480 989 1556 culpae.

136 1563 305 1623 Immatnra
325 1565 364 1622 nd
383 1570 440 1625 v‘os
464 1567 581 1625 venerit
600 1566 655 1623 illa
674 1565 756 1637 licet,

98 1648 241 1725 Accipite.
263 1650 300 1707 In
324 1651 414 1709 terris
435 1670 576 1729 magnum
597 1669 702 1728 regere
722 1650 777 1707 illa
798 1647 943 1709 Senatum

137 1732 261 1792 Debuit.
279 1734 311 1792 in
333 1754 445 1813 magno
470 1755 523 1795 vos
543 1742 630 1812 regat
650 1735 704 1792 illa
725 1734 808 1810 polo.

168 1904 197 1961 3.
242 1905 407 1981 Epioedion
427 1905 547 1963 Hearici
571 1903 705 1962 Ouetanei
718 1903 871 1965 lucdovici
891 1907 929 1964 F.

99 1983 275 2065 Quicunque
297 1989 461 2048 immensos
483 1989 596 2048 moliris
621 1996 720 2047 mente
739 1989 920 2065 triumphos,

97 2072 220 2133 Absiste
243 2073 362 2133 insanis
385 2075 477 2150 (vana
497 2082 545 2133 est
566 2074 690 2151 fiducia)
713 2073 838 2150 caeptis.

98 2154 230 2233 Quisque
251 2177 324 2217 suas
345 2178 487 2237 urgemus
510 2178 600 2236 opes:
619 2178 675 2236 spe
698 2160 832 2216 maxime
852 2160 932 2217 facte

97 2240 314 2320 Praecipimus.
336 2262 416 2303 mors
437 2252 503 2302 atra
523 2244 618 2321 nigris
639 2243 832 2302 circumvolet
850 2244 919 2317 alis,

97 2326 135 2384 Et
154 2346 244 2386 cursu
267 2328 300 2386 in
320 2329 421 2388 medio
441 2336 510 2386 vota
530 2328 707 2404 imperfecta
727 2335 866 2386 moratur.

98 2410 142 2471 En
162 2414 249 2472 modo
272 2433 362 2488 quem
383 2413 521 2472 sublimis
543 2432 630 2488 apex,
651 2431 740 2489 quem
760 2413 842 2469 clare
863 2415 1005 2474 manebat

99 2494 213 2571 Gloria,
235 2497 287 2573 qni
309 2498 403 2576 gestis
425 2498 517 2557 modo
537 2499 640 2568 rebus,
663 2505 693 2554 et
713 2496 813 2554 indole
835 2497 933 2573 prima

100 2578 277 2641 Cunctorum
301 2583 401 2642 studia
420 2592 451 2641 et
471 2602 543 2660 spes
563 2581 744 2640 incendebat
764 2581 883 2654 inanes,

97 2665 251 2744 Exequins
275 2669 369 2726 fertur
387 2669 517 2742 iuvenis,
537 2667 738 2744 lacrimasque
760 2686 893 2741 suorum,

98 2749 134 2810 Et
154 2753 210 2811 fati
229 2753 373 2812 invidiam
398 2773 500 2813 seeum
520 2752 620 2811 trahit.
642 2753 755 2830 Aspice
777 2762 887 2827 quanto

97 2834 239 2897 Defertur
259 2839 402 2897 comitum
420 2839 543 2917 gemitu,
565 2846 677 2914 quanto
701 2839 820 2915 agmine
839 2858 981 2916 pompae.

98 2920 163 2981 Heu
183 2922 266 2982 bello
290 2934 471 3001 properatus
488 2924 600 2996 honos,
617 2931 647 2980 et
662 2924 785 3000 puberis
809 2925 877 2980 aevi

98 3005 213 3067 Tristes
235 3010 402 3085 primitiae!
432 3009 532 3068 Nimis
553 3008 703 3068 infaelicis
726 3008 834 3083 ephebi

97 3090 170 3151 Visa
189 3103 296 3169 potens
318 3095 424 3167 virtus,
447 3095 539 3152 vitam
556 3094 586 3153 si
604 3095 667 3152 fata
688 3092 851 3150 dedissent.

96 3175 185 3236 Nune
202 3197 293 3254 quem
313 3198 381 3239 sera
402 3197 507 3237 senem
527 3179 657 3237 debebat
676 3178 781 3235 laurea
803 3175 899 3246 caelo,

95 3263 229 3322 Abstulit
251 3271 321 3321 ente
343 3265 434 3335 diem,
458 3282 514 3321 nee
533 3264 625 3341 longo
646 3272 781 3337 tempore
798 3261 907 3319 fortem

96 3347 195 3407 Pessa
218 3348 279 3405 frui
297 3350 446 3421 iuvenem,
467 3366 543 3423 quos
564 3367 619 3424 spe
632 3351 878 3424 praesumpserat
894 3363 1000 3419 annos,

96 3435 139 3492 Ae
156 3432 279 3511 generis
300 3434 402 3492 titulos
422 3433 512 3491 claris
534 3434 700 3491 extendere
724 3430 823 3502 factis,

98 3514 130 3576 Si
148 3518 306 3594 proprium
329 3519 420 3578 decus
442 3520 501 3576 hoc
519 3516 690 3576 voluissent
710 3534 779 3575 esse
801 3533 936 3589 severae,

99 3601 181 3677 Quae
201 3603 281 3663 fusis
300 3603 451 3663 hominnm
469 3603 657 3679 dispensent.
670 3602 744 3672 fata,
767 3599 902 3662 Sorores.

762 3697 807 3757 ὁ.
