2586 4214
506 325 656 420 *ffl-

126 491 311 550 Trahentem
334 494 371 551 ab
393 495 495 552 Aeaco
518 502 609 575 atque
627 495 742 555 Perseo
765 515 872 574 genus,

124 581 154 635 A
173 576 336 636 Temeneia
357 598 416 635 nun
436 578 540 654 procul
560 581 720 639 natalibus.

126 661 189 723 Sed
211 669 360 719 mortuum
380 662 463 720 illum
485 664 584 742 Perga
607 684 693 724 mons
715 664 901 742 Tyrrhenius

124 747 163 804 In
182 744 358 823 Gortynaeo
380 748 486 806 condet
507 750 641 808 ustrinae
662 751 765 809 situm:

126 829 201 891 Cum
221 830 420 890 lacrumanter
440 835 556 892 occidet
577 842 699 911 propter
719 836 828 893 malum

124 915 258 991 Natique
279 917 487 995 coniugisquc‚
510 938 597 994 quam
617 920 710 978 irater
731 937 842 979 necans

126 1001 239 1062 Orcum
263 1002 413 1062 secundus
433 1012 574 1078 postuma
595 1006 645 1061 via
665 1013 757 1080 petet,

126 1084 242 1145 Caesus
266 1089 382 1146 sororis
403 1106 476 1147 ense
498 1089 619 1148 funesto
641 1091 751 1167 gulam,

126 1169 294 1230 Glaucenis
315 1173 497 1249 Absyrtique
521 1175 662 1234 sobrinae
683 1176 847 1251 improbae.

125 1255 186 1313 Hie
208 1263 254 1314 tot
274 1257 370 1317 ruinis
391 1265 491 1333 totque
512 1260 680 1335 cumulatus
700 1261 798 1333 malis,

125 1339 268 1411 Secundo
291 1341 386 1400 adibit
406 1342 507 1400 Ditem
531 1344 757 1419 inexorabilem,

125 1424 184 1485 Cui
203 1425 304 1485 nullus
327 1445 455 1500 unquam
479 1429 572 1487 sudus
593 1430 693 1488 arrisit
711 1432 786 1489 dies.
808 1439 812 1442 ⁴

125 1511 154 1571 0
178 1530 269 1587 quam
288 1512 342 1570 tibi
366 1515 537 1587 praestabat
559 1533 628 1573 esse
648 1515 680 1571 in
704 1516 809 1590 patria,

124 1595 257 1669 Miselle‚
281 1605 379 1654 tauros
403 1598 451 1656 vel
473 1599 612 1657 colonum
636 1601 748 1658 rustico

123 1681 233 1758 Iugare
256 1681 380 1740 asellum
405 1683 461 1741 sub
482 1684 560 1742 coho
584 1683 780 1755 cantherium,

123 1766 219 1825 Fictis
240 1766 348 1825 furoris
368 1766 567 1826 insolescenti
586 1767 672 1842 dolis,

125 1851 224 1926 Quam
244 1858 292 1910 tot
310 1851 412 1910 subire
431 1852 563 1910 luctuum
587 1852 769 1910 discrimina.

123 1938 165 1995 At
187 1937 295 1995 anxius
317 1936 362 1995 vir
386 1936 544 2015 coniugem
566 1945 679 2013 raptam
703 1945 858 2013 expetens.

123 2021 164 2079 Et
183 2021 340 2098 augurales
363 2022 495 2080 ominum
513 2023 638 2082 audiens
659 2031 760 2093 notas,

123 2111 238 2164 Amore
257 2107 367 2181 speetri
386 2108 577 2186 pervagantis
599 2109 722 2167 aethera

124 2190 208 2264 Quae
230 2211 293 2249 non
314 2191 427 2250 marina
448 2195 559 2270 templa
579 2193 825 2269 perscrutabitur,

124 2275 208 2349 Quae
230 2296 293 2333 non
311 2295 387 2354 vaga
407 2277 547 2337 lustrabit
567 2297 638 2336 arva
659 2277 813 2353 indagine.

123 2360 228 2419 Primo
249 2361 369 2435 quidem
389 2361 566 2439 Typhonios
590 2370 690 2420 cernet
711 2380 831 2436 specus,

123 2450 284 2522 Anumque
305 2465 378 2504 saxo
402 2449 535 2506 membra
559 2447 693 2503 duratam
717 2464 839 2521 aspero,

123 2530 192 2589 Nec
213 2551 275 2590 non
294 2531 454 2589 Eremhum
474 2531 608 2608 cognitas
633 2530 797 2604 piscatibus

123 2616 223 2692 Ripae
245 2617 381 2674 hiantes:
410 2626 497 2691 atque
520 2616 673 2672 adulterae
695 2614 839 2690 inclytum
866 2672 871 2681 ,

125 2700 268 2777 Myrrhae
290 2700 404 2758 videbit
425 2701 576 2777 oppidum,
600 2700 684 2758 cuius
705 2706 820 2758 uterum

124 2786 252 2844 Levavit
274 2786 443 2845 obstetricis
465 2786 583 2843 arboris
604 2785 694 2842 liber:

124 2871 166 2928 Et
187 2871 257 2927 fleta
279 2870 403 2928 multum
426 2873 515 2930 busta
536 2869 684 2928 Gauantis
708 2886 779 2928 suae

125 2954 239 3028 Herae,
259 2953 416 3031 Hospitali
438 2956 571 3031 Viei[a]e
592 2955 684 3032 lagae
704 2953 795 3010 deae:

125 3038 222 3112 Quem
242 3048 310 3097 trux
329 3040 445 3100 bisetus
468 3042 556 3098 dente
578 3058 652 3097 cano
674 3036 830 3096 conscidit.

124 3127 220 3184 Arces
240 3125 353 3183 videbit
374 3144 429 3182 nec
452 3127 551 3183 minus
574 3123 755 3199 Cepheidas,

124 3208 192 3268 Nec
213 3229 277 3268 non
298 3207 416 3268 Camilli
432 3210 580 3269 lubricum
598 3209 718 3284 pulsum
742 3205 840 3282 pedis,

125 3299 262 3369 Arasque
283 3295 428 3370 duplices,
448 3315 524 3373 quas
547 3294 632 3371 dapis
657 3292 794 3369 cupidine

125 3379 223 3438 Becas
244 3379 364 3453 subivit,
387 3400 440 3456 pro
467 3389 567 3457 parata
586 3380 701 3455 virgine

124 3464 239 3522 Hiante
260 3464 345 3522 fauce
367 3484 475 3542 eorpus
495 3465 667 3541 Aurigenae
689 3479 813 3534 vorans,

124 3548 278 3639 Rimantis
301 3559 382 3623 exta,
403 3552 540 3623 maseuli,
561 3548 808 3692 plumigradaa.²3
