2586 4214
506 358 657 455 Q

124 527 165 585 m
185 526 309 585 tertium
330 525 430 603 ligone
455 526 628 588 Thebarum
650 530 729 590 falas

125 613 253 672 Aheneo
278 611 469 671 demolientis
490 613 597 687 filium,

126 696 223 770 Quem
246 694 406 757 Strebulus
434 697 507 755 olim
531 697 649 758 Consus
672 700 745 778 agili
767 701 887 760 discidit

124 782 286 841 Pilumnus
304 800 361 839 ora
378 781 534 858 dissipans
558 785 722 858 sedeculo,

126 867 256 942 Quando
273 873 393 925 creatae
413 865 515 925 Nocte
537 887 700 946 germanos
722 871 819 948 patris

124 951 175 1010 Ad
194 971 286 1011 unum
307 970 443 1010 amorem
461 961 584 1011 mutuae
606 963 763 1016 armarunt
780 957 875 1014 necis.

124 1036 195 1096 Duo
217 1043 248 1093 at
271 1037 423 1095 scatentis·
435 1038 474 1094 ad
494 1038 609 1097 fluenta
628 1040 753 1116 Pyrami

124 1121 261 1181 Deraeni
283 1130 410 1180 ovantes
434 1124 550 1200 vertagi
571 1125 623 1182 icti
644 1135 749 1184 mutua

124 1206 368 1283 Depreeliabuut
390 1208 481 1264 caede
502 1209 645 1267 barritum
666 1211 805 1270 ultimum

125 1290 252 1353 Subtele
271 1292 303 1348 in
324 1291 394 1368 ipso
416 1292 543 1368 virginis
564 1293 774 1372 Pamphyliae.

123 1376 275 1451 Altusque
293 1395 380 1434 rumo
403 1375 504 1434 sulcus
527 1378 559 1434 in
581 1381 747 1440 meditullio

125 1460 227 1523 Stabit
245 1462 405 1538 Megarsus
426 1462 575 1537 cespitum
595 1466 767 1538 nitentium,

123 1546 167 1606 Ut
190 1566 230 1604 ne
248 1547 280 1604 in
301 1546 463 1623 profundis
485 1547 615 1606 infernin
636 1551 783 1610 sedilibus

125 1632 249 1690 Imbuta
269 1639 395 1688 cernant
416 1633 507 1690 busta
528 1634 672 1694 caedibus
696 1654 761 1695 sna.

124 1718 166 1775 At
187 1716 319 1791 quinque
344 1716 453 1773 dehinc
475 1714 644 1775 Cerastiam
669 1720 700 1776 in
723 1719 904 1794 Vesperiam

123 1802 165 1860 Et
183 1801 325 1860 bitientes
346 1799 525 1860 Satraohum
544 1810 575 1859 et
594 1801 712 1862 Silvani
734 1805 867 1877 humum,

123 1887 217 1944 quta
237 1887 404 1944 manebunt
420 1887 563 1944 Murtiam
586 1887 783 1947 Zerinthiam.

123 1971 213 2032 Unus
234 1971 371 2047 parentis
391 1972 518 2030 exulans
541 1973 684 2032 conviciis

125 2055 256 2133 Cychrei
275 2057 413 2115 cavernis
435 2056 605 2134 Booarique
626 2060 760 2131 flumine,

123 2143 213 2200 Meua
237 2141 392 2213 sobrinus,
412 2149 446 2200 ut
463 2150 617 2219 peremtor
634 2145 727 2220 patrii

123 2226 218 2299 Pulli,
239 2226 365 2285 nothum
385 2245 569 2304 propagmeu
593 2235 623 2285 et
639 2228 726 2288 labes
747 2229 867 2301 domus,

123 2312 254 2370 Rabiem
276 2313 426 2370 vomentis
451 2312 628 2371 bellicosam
652 2314 795 2384 ovilibus,

123 2396 205 2455 Ravi
227 2396 327 2454 leonis
352 2414 445 2471 quem
462 2397 532 2470 pilis
552 2397 680 2457 horrens
703 2398 779 2455 cutis

122 2481 223 2540 Runis
236 2482 368 2559 ,tegebat
387 2481 491 2538 aeneis
511 2482 700 2557 impervium,

125 2566 303 2627 Obnoxiam
325 2584 415 2624 unam
438 2565 643 2640 possidentem
665 2565 803 2625 semitam

122 2652 173 2710 Ad
193 2651 268 2723 fata,
289 2670 377 2726 quam
401 2651 512 2727 vagina
535 2650 654 2708 celabat
676 2649 820 2726 Scythae,

124 2735 201 2796 Cum
225 2737 316 2794 durus
339 2735 467 2794 adolens
494 2753 582 2793 secra
607 2733 739 2812 Oomyro
762 2735 810 2793 leo

124 2820 188 2881 Suo
210 2821 330 2898 parenti
350 2822 430 2880 fatus
453 2828 500 2879 est
523 2820 621 2878 claras
642 2839 759 2896 preces,

123 2906 298 2965 Immussuli
322 2906 403 2964 ulnis
425 2907 599 2966 subrumum
620 2912 745 2982 gestans
772 2906 846 2964 suis.

123 2989 191 3049 Nec
210 2991 280 3067 ipse
301 2990 404 3049 eredat
424 2991 484 3049 hoe
502 3009 627 3066 parens,
649 2990 732 3066 quod
745 2989 913 3049 ‘Lemnium

121 3075 250 3134 Fulmen
272 3075 375 3148 duelli,
397 3076 519 3134 nescius
542 3076 638 3150 turpis
661 3076 752 3152 fugae

124 3160 197 3219 Trio
221 3160 363 3219 efferatus
385 3161 535 3237 hospitum
556 3160 760 3219 infensissimi

124 3245 258 3304 Traiecit
279 3246 319 3303 ile
340 3263 474 3317 munere,
498 3245 624 3303 urinans
648 3246 760 3304 ferum-

124 3327 242 3391 Saltum
266 3329 396 3406 tepentis
418 3329 501 3387 ensis
525 3330 563 3387 ad
583 3338 733 3405 promtam
753 3347 873 3390 necem:

122 3414 317 3490 Fratremque
338 3414 493 3473 Trambeli
514 3413 567 3470 ille
589 3416 687 3488 patria
712 3415 819 3494 exigit,

124 3499 263 3578 Cognata
282 3500 379 3576 patrie
401 3518 490 3577 quem
513 3499 593 3573 parit
614 3499 688 3559 nixu
710 3520 766 3561 suo

122 3585 248 3645 Donata
270 3585 383 3660 praeda
404 3584 527 3643 dirutori
547 3586 712 3659 moenium,
