2502 4218
447 346 598 443 —fi-b—

109 514 207 593 Saepe
227 512 398 590 Cupidineo
417 515 543 573 ventilat
560 516 631 593 igne
650 515 742 588 fares.

70 599 108 659 Et
127 601 205 676 quod
226 615 310 657 ames
331 617 461 676 semper,
473 618 605 676 semper
625 601 706 675 qnod
720 601 977 679 seriberepossis,

108 685 265 743 Materiam
287 685 384 741 teneri
405 684 492 744 lusor
513 685 636 744 Amoris
658 685 763 745 habes.

71 769 134 828 Nee
155 779 256 850 tamen
278 769 351 829 exili
372 787 492 828 carmen
515 770 662 829 deducere
684 770 738 829 filo

107 855 165 913 Est
187 854 273 926 satis,
296 861 326 911 et
346 853 428 914 senis
451 856 575 932 iungere
597 856 729 930 quinqua
748 855 853 931 pedes,

69 936 116 997 Ne
136 958 264 1017 regnum
284 939 426 1011 Veneris,
446 941 590 1015 puerique
612 939 771 1017 Cupidinis
790 959 876 1000 arena

109 1022 238 1083 Carmen
258 1024 343 1083 iners
363 1024 480 1103 Elegia,
501 1038 650 1101 causaque
673 1044 751 1083 vana
775 1025 860 1084 foret.

70 1107 222 1168 Historiae
243 1109 360 1186 patriae
381 1110 586 1169 monumentis
605 1119 690 1170 eruta
708 1110 829 1186 priscis,

110 1193 268 1255 Clarorum
288 1212 414 1254 revooas
434 1194 526 1252 fortia
546 1195 626 1253 faeta
647 1195 764 1253 dueum.
866 1187 868 1191 ⁷

71 1278 160 1354 quue
183 1279 239 1338 tibi
261 1279 350 1337 debat
372 1279 487 1356 patriae
508 1281 588 1354 quod
610 1289 698 1359 gesta
719 1280 851 1340 Batavus

109 1363 199 1423 Nune
220 1372 315 1435 tenet,
335 1364 367 1421 in
384 1364 484 1441 patria
504 1366 556 1439 qui
576 1366 660 1443 prius
683 1366 794 1443 hospes
814 1373 886 1423 erat.

72 1447 146 1522 Quid
165 1449 296 1507 referam
318 1449 428 1525 Lyrieo
448 1450 601 1509 modulata
621 1458 764 1527 poemata
784 1451 901 1528 plectro

108 1533 174 1591 Neo
195 1533 275 1592 male
297 1541 442 1592 tentatum
465 1535 567 1594 nobile
589 1554 710 1593 carmen
732 1535 842 1612 Epos?

71 1615 121 1676 Nil
140 1619 196 1678 tibi
215 1618 317 1676 feliois
339 1619 421 1695 genii
443 1628 549 1677 natura
569 1620 689 1697 negavit

109 1704 201 1763 Utilis
223 1704 262 1762 ad
283 1703 369 1761 nitidi
390 1705 531 1762 earminis
554 1724 644 1763 omne
666 1722 771 1780 genus.

72 1786 127 1848 His
147 1790 206 1847 tibi
222 1790 402 1848 transmissa
424 1797 471 1847 est
492 1790 560 1847 aevi
577 1809 658 1866 pars,
671 1789 772 1865 prima
792 1787 903 1862 quietis

109 1873 270 1946 Panibus,
293 1882 323 1931 et
342 1873 500 1950 strepitum
522 1894 585 1933 non
606 1874 737 1933 faciente
756 1873 861 1952 gradu.

72 1957 108 2016 ut
124 1959 196 2017 licet
215 1959 339 2035 ingenui
359 1977 501 2018 secessus
522 1960 586 2018 otia
606 1978 755 2035 quaerens

109 2044 264 2103 Ventosae
281 2044 415 2121 fugitans
436 2044 612 2105 ambitionis
635 2063 714 2117 eras,

72 2126 114 2185 Te
130 2137 234 2187 tamen
256 2130 383 2187 accitum
402 2137 508 2188 saneta
528 2132 561 2188 in
581 2130 711 2208 collegia
731 2128 856 2186 Patrum

112 2214 253 2290 Quinque
272 2215 320 2273 bis
344 2222 521 2273 annumerat
543 2214 634 2274 Curia
655 2233 774 2273 summa
792 2214 875 2272 viris.

73 2295 134 2356 Neo
155 2298 258 2357 minus
282 2319 417 2358 erronem
440 2300 540 2358 civilia
561 2309 661 2358 eastra
681 2307 858 2373 sequentem

108 2384 229 2443 Aoniae
244 2393 391 2443 revocant
407 2386 446 2443 ad
467 2403 522 2444 sua
542 2385 628 2462 signa
651 2385 739 2441 deae:

73 2465 109 2524 Iit
128 2488 219 2545 quum
242 2470 371 2545 prolatis
391 2469 519 2528 redeunt
539 2470 652 2527 diludia
674 2469 776 2538 rebus,

111 2552 263 2630 Quidquid
284 2554 443 2613 innumera
461 2555 515 2613 lite
536 2573 643 2612 vacare
668 2552 793 2627 datur[,]

72 2638 117 2697 Ad
137 2639 258 2698 Phoebi
278 2647 404 2710 secreta,
425 2640 469 2698 tui
488 2660 551 2699 non
570 2638 857 2717 transfuga‘moria

110 2724 151 2782 Et
172 2734 291 2783 veteres
313 2726 422 2797 cultus,
446 2735 477 2784 et
494 2733 546 2783 tua
568 2743 654 2784 saera
674 2724 766 2783 redis.

73 2804 109 2865 Iit
128 2809 202 2869 lieet
229 2810 359 2868 officium
382 2810 494 2887 rigidos
519 2809 639 2869 abducit
661 2811 692 2868 in
711 2817 806 2881 actus,

110 2893 157 2952 Te
180 2896 332 2957 tamenin
356 2895 456 2954 medio
478 2914 563 2957 moos
586 2895 737 2954 Helieone
760 2893 846 2951 looat.

72 2974 135 3036 Neo
156 2979 251 3056 pudet
270 2982 384 3058 argutis
406 2981 631 3058 Epigrammata
651 2980 754 3038 ludere
774 2977 863 3054 nugis

111 3064 197 3122 Inter
217 3064 344 3124 clamosi
361 3065 475 3140 praelia
494 3067 568 3124 dura
587 3065 658 3124 fori.

72 3146 209 3224 Denique
232 3168 322 3224 quum
345 3169 486 3227 magnum
508 3152 595 3210 vivus
620 3151 662 3208 sie
685 3166 796 3206 nomen
814 3146 950 3221 adeptus,

110 3235 210 3294 Maius
230 3236 267 3294 ab
288 3235 424 3310 exequiis
443 3236 531 3309 quale
552 3254 610 3294 neo
628 3233 708 3291 ullus
731 3232 832 3303 habet,

72 3321 115 3378 Aa
134 3327 165 3378 te
189 3320 312 3397 grandis
335 3321 436 3380 honos
458 3320 575 3378 volueri
597 3337 688 3395 super
709 3317 831 3375 aethera
850 3317 940 3388 fama,

110 3406 152 3465 Et
175 3424 276 3481 penna
289 3406 384 3463 fatum
403 3425 467 3464 non
487 3412 638 3464 metuente
661 3404 760 3475 vehat,

72 3488 142 3551 Non
165 3491 266 3567 minor
284 3491 409 3549 inuooui
431 3490 504 3549 vitio
527 3491 703 3564 maculaque
725 3487 866 3559 carentis,

113 3574 210 3651 Quam
232 3575 434 3637 consummati
451 3575 518 3635 laus
539 3575 595 3634 tibi
614 3575 692 3633 vatis
716 3573 810 3633 adest.
