2532 4216
490 344 640 466 „gr—

111 540 218 600 Eludis
240 539 327 618 digiti
345 539 518 616 impetentis
539 540 646 603 iatum:

111 626 152 686 Ut
175 626 291 702 eampis
312 643 390 698 equa
408 625 498 682 trima
519 624 596 685 ludit
617 625 689 685 olim

109 711 203 770 Motis
226 728 299 768 aera
320 709 452 771 calcibus
473 709 640 773 lacessens.

109 800 159 854 An
179 795 262 870 quod
284 793 403 871 legibus
427 794 567 857 omnibus
588 794 717 865 solutus,

1 877 2 946 ἶ
109 880 266 938 Puellaria
286 880 422 941 membra
443 879 633 956 pervagatis,

1 997 2 1044 γ
111 965 214 1040 Usque
238 962 380 1040 Cypridis
403 963 442 1025 ed
462 965 552 1027 beata
571 983 676 1042 regna,
759 1024 761 1033 ,

1 1119 2 1132 ¹
110 1050 238 1126 Impune
258 1048 419 1109 insinuans
441 1049 554 1111 ameris
578 1046 657 1121 altili¹

109 1133 243 1199 Secretia
266 1133 377 1210 adytis,
397 1152 576 1208 sacrumque
593 1134 686 1195 limen

109 1219 274 1292 insistens,
297 1217 378 1293 qnod
396 1219 434 1279 ab
451 1218 592 1281 omnibus
613 1217 752 1296 profanis

108 1304 150 1365 Et
166 1304 252 1380 tangi
272 1303 384 1375 scelus,
407 1309 438 1361 et
459 1304 546 1365 nefas
569 1303 685 1363 videri?

109 1387 224 1446 Hieta
245 1387 357 1449 ianitor
379 1389 525 1461 erentes,
549 1396 580 1446 et
600 1388 698 1464 ipsam

109 1475 231 1531 Aureae
254 1471 382 1535 Veneris
405 1473 498 1535 tueris
522 1491 614 1533 aranu.
703 1500 707 1509 =

110 1559 210 1633 Quam
233 1565 338 1617 sancte
360 1556 415 1621 tibi
435 1557 558 1619 tradidit
576 1557 718 1621 tuendam

106 1643 149 1708 Et
166 1643 271 1701 ridens
293 1642 410 1716 Venus,
433 1650 464 1703 et
484 1662 561 1719 puer
582 1641 707 1718 Cupide.
758 1695 763 1702 .

108 1727 195 1785 Tene
216 1735 392 1803 propterea,
418 1748 435 1785 ο
459 1734 586 1788 venuste
608 1726 718 1796 Pulex‚

107 1812 195 1870 Tene
215 1830 387 1888 prosequar
407 1830 500 1870 aurea
520 1811 666 1874 camena?

108 1896 197 1957 Tene
220 1897 280 1955 hoe
302 1897 422 1961 nomine
443 1896 615 1973 praedicem
637 1897 769 1965 beatum,

105 1980 257 2039 Pulieelle
279 1980 376 2058 niger,
398 1981 509 2058 nigelle
529 1981 649 2045 Palea?

106 2065 198 2125 Non:
220 2066 275 2124 sed
296 2065 379 2140 quod
401 2066 495 2131 nimio
518 2074 570 2129 tuo
593 2067 698 2143 lepore

108 2151 170 2208 Tot
194 2151 281 2211 solus
303 2150 379 2213 faeie
403 2159 432 2213 et
453 2152 537 2227 paris
561 2151 684 2221 Poetae,

109 2237 250 2310 Quorum
271 2235 422 2308 cantibus,
444 2255 615 2312 aureaeque
634 2236 757 2312 linguae

107 2321 199 2377 Vena
220 2319 324 2392 divite,
345 2321 483 2379 versibus
508 2321 657 2394 canoris,-

106 2404 296 2469 Immortalis
318 2405 391 2477 eris,
412 2405 522 2480 diuque
543 2406 638 2465 vives.

108 2488 193 2555 Nam
212 2489 293 2559 dum,
313 2491 428 2565 pumile
448 2490 597 2567 pumilille
618 2488 727 2559 Palox,

109 2574 231 2637 Haeree
252 2574 403 2651 pendulus
425 2575 457 2632 in
480 2576 548 2634 sinu
571 2573 692 2650 puellae

109 2658 221 2726 Novus
243 2659 382 2735 Pegasus
403 2660 435 2719 in
456 2679 537 2721 nova
558 2659 766 2736 Hippocrene,

109 2744 138 2801 E
162 2762 267 2803 morsu
288 2751 353 2816 tue,
375 2753 409 2805 ut
428 2745 542 2821 ungula
562 2763 602 2803 ex
625 2742 744 2818 equine,

108 2827 279 2886 Fluxerunt
299 2828 405 2893 latices
425 2829 553 2902 poetici,
577 2830 646 2889 dein

108 2912 175 2971 Tot
193 2921 264 2975 suat
280 2914 416 2978 earmina
437 2923 520 2988 nata,
542 2922 589 2975 tot
608 2914 733 2975 Poetae

108 3082 141 3147 7,
189 3080 296 3149 Catelli
312 3082 544 3158 immanitati
566 3082 613 3140 De
632 3083 723 3147 eme
745 3092 772 3143 et
797 3081 936 3157 Septimo
955 3082 1023 3158 [45]

377 3168 505 3231 veritus
527 3169 612 3244 nepe
634 3170 768 3244 cupressi.

106 3254 229 3315 Acmen
254 3248 419 3328 Septimius
441 3260 564 3313 teneros
587 3252 761 3328 complexus
784 3268 910 3322 amores,

155 3335 183 3394 0
203 3338 309 3408 Acme,
333 3356 402 3401 mea
426 3338 492 3409 lux,
518 3336 718 3412 deliciumque
742 3344 852 3407 meum,

106 3418 154 3479 Ni
175 3419 287 3483 misere
309 3428 350 3494 te,
371 3422 458 3494 dixit,
483 3440 562 3494 amo,
583 3423 615 3480 ni
637 3422 754 3498 perdite
778 3438 879 3483 amare

1 3567 2 3572 η
155 3503 305 3581 Diseupio
329 3507 408 3570 vitae
431 3514 549 3582 tempus
572 3507 604 3567 in
626 3525 714 3567 omne
735 3525 832 3579 meae,

1 3607 2 3662 ᾗ
107 3589 268 3666 Quantum
291 3591 342 3665 qui
362 3592 445 3669 petis
466 3598 513 3650 est
531 3591 640 3667 eapitis
661 3591 823 3653 dieerimen
844 3588 939 3660 adire,
