<?xml version="1.0" encoding="UTF-8"?>
<!DOCTYPE html PUBLIC "-//W3C//DTD XHTML 1.0 Transitional//EN"
    "http://www.w3.org/TR/xhtml1/DTD/xhtml1-transitional.dtd">
<html xmlns="http://www.w3.org/1999/xhtml" xml:lang="en" lang="en">
 <head>
  <title>
</title>
<meta http-equiv="Content-Type" content="text/html;charset=utf-8" />
  <meta name='ocr-system' content='tesseract 3.04.00' />
  <meta name='ocr-capabilities' content='ocr_page ocr_carea ocr_par ocr_line ocrx_word'/>
</head>
<body>
  <div class='ocr_page' id='page_1' title='image "./iosephiscaliger01scalgoog_0051.png"; bbox 0 0 2532 4216; ppageno 0'>
   <div class='ocr_carea' id='block_1_1' title="bbox 240 493 893 579">
    <p class='ocr_par' dir='ltr' id='par_1_1' title="bbox 240 493 893 579">
     <span class='ocr_line' id='line_1_1' title="bbox 240 493 893 579; baseline -0.003 -23"><span class='ocrx_word' id='word_1_1' title='bbox 240 493 317 562; x_wconf 85' lang='grc' dir='ltr'>ἴσοις</span> <span class='ocrx_word' id='word_1_2' title='bbox 340 495 483 579; x_wconf 81' lang='grc' dir='ltr'><strong>ἀμείβου,</strong></span> <span class='ocrx_word' id='word_1_3' title='bbox 505 497 585 566; x_wconf 76' lang='grc' dir='ltr'>σῶζε</span> <span class='ocrx_word' id='word_1_4' title='bbox 608 496 658 557; x_wconf 84' lang='grc' dir='ltr'><strong>τὸν</strong></span> <span class='ocrx_word' id='word_1_5' title='bbox 683 493 825 555; x_wconf 76' lang='grc' dir='ltr'>σώσαντα</span> <span class='ocrx_word' id='word_1_6' title='bbox 849 514 893 554; x_wconf 83' lang='grc' dir='ltr'><strong>σε.</strong></span> 
     </span>
    </p>
   </div>
   <div class='ocr_carea' id='block_1_2' title="bbox 222 666 1156 3283">
    <p class='ocr_par' dir='ltr' id='par_1_2' title="bbox 222 666 1156 3283">
     <span class='ocr_line' id='line_1_2' title="bbox 222 666 1156 729; baseline 0.002 -2"><span class='ocrx_word' id='word_1_7' title='bbox 222 690 226 699; x_wconf 91' lang='grc'><strong><em>·</em></strong></span> <span class='ocrx_word' id='word_1_8' title='bbox 241 667 291 727; x_wconf 84' lang='grc'><strong>52.</strong></span> <span class='ocrx_word' id='word_1_9' title='bbox 314 667 366 725; x_wconf 84' lang='lat' dir='ltr'><strong>Ad</strong></span> <span class='ocrx_word' id='word_1_10' title='bbox 379 670 485 725; x_wconf 81' lang='lat' dir='ltr'><strong>Ianum</strong></span> <span class='ocrx_word' id='word_1_11' title='bbox 497 668 628 726; x_wconf 71' lang='lat' dir='ltr'><strong>Doctum</strong></span> <span class='ocrx_word' id='word_1_12' title='bbox 645 666 678 725; x_wconf 92' lang='lat' dir='ltr'><strong>V.</strong></span> <span class='ocrx_word' id='word_1_13' title='bbox 688 666 768 723; x_wconf 83' lang='lat' dir='ltr'><strong><em>Nob.</em></strong></span> <span class='ocrx_word' id='word_1_14' title='bbox 785 666 984 725; x_wconf 78' lang='lat' dir='ltr'><strong>DeMirandic</strong></span> <span class='ocrx_word' id='word_1_15' title='bbox 995 669 1156 729; x_wconf 80' lang='lat' dir='ltr'><strong>Bataciac.</strong></span> 
     </span>
     <span class='ocr_line' id='line_1_3' title="bbox 240 749 923 830; baseline -0.006 -20"><span class='ocrx_word' id='word_1_16' title='bbox 240 752 385 830; x_wconf 81' lang='lat' dir='ltr'><strong>Ignorata</strong></span> <span class='ocrx_word' id='word_1_17' title='bbox 403 761 473 810; x_wconf 91' lang='lat' dir='ltr'><strong>tuae</strong></span> <span class='ocrx_word' id='word_1_18' title='bbox 494 753 623 810; x_wconf 87' lang='lat' dir='ltr'><strong>referam</strong></span> <span class='ocrx_word' id='word_1_19' title='bbox 646 749 792 809; x_wconf 88' lang='lat' dir='ltr'><strong>miracula</strong></span> <span class='ocrx_word' id='word_1_20' title='bbox 814 758 923 823; x_wconf 85' lang='lat' dir='ltr'><strong>terrae,</strong></span> 
     </span>
     <span class='ocr_line' id='line_1_4' title="bbox 283 836 955 914; baseline -0.003 -20"><span class='ocrx_word' id='word_1_21' title='bbox 283 837 399 910; x_wconf 85' lang='lat' dir='ltr'><strong>Deusa,</strong></span> <span class='ocrx_word' id='word_1_22' title='bbox 423 837 592 914; x_wconf 82' lang='lat' dir='ltr'>peregrinis</span> <span class='ocrx_word' id='word_1_23' title='bbox 613 856 672 894; x_wconf 89' lang='lat' dir='ltr'><strong>non</strong></span> <span class='ocrx_word' id='word_1_24' title='bbox 694 836 834 893; x_wconf 89' lang='lat' dir='ltr'><strong>habitura</strong></span> <span class='ocrx_word' id='word_1_25' title='bbox 856 836 955 893; x_wconf 87' lang='lat' dir='ltr'><strong>fidem.</strong></span> 
     </span>
     <span class='ocr_line' id='line_1_5' title="bbox 241 920 1040 983; baseline -0.001 -2"><span class='ocrx_word' id='word_1_26' title='bbox 241 923 354 983; x_wconf 85' lang='lat' dir='ltr'><strong>Omnia</strong></span> <span class='ocrx_word' id='word_1_27' title='bbox 374 922 513 980; x_wconf 90' lang='lat' dir='ltr'><strong>lanitium</strong></span> <span class='ocrx_word' id='word_1_28' title='bbox 535 922 585 979; x_wconf 91' lang='lat' dir='ltr'><strong>hic</strong></span> <span class='ocrx_word' id='word_1_29' title='bbox 605 922 703 980; x_wconf 88' lang='lat' dir='ltr'><strong>lassat</strong></span> <span class='ocrx_word' id='word_1_30' title='bbox 723 921 855 978; x_wconf 84' lang='lat' dir='ltr'><strong>textrina</strong></span> <span class='ocrx_word' id='word_1_31' title='bbox 876 920 1040 981; x_wconf 86' lang='lat' dir='ltr'><strong>Minervae.</strong></span> 
     </span>
     <span class='ocr_line' id='line_1_6' title="bbox 282 1006 1074 1086; baseline 0.001 -21"><span class='ocrx_word' id='word_1_32' title='bbox 282 1008 450 1086; x_wconf 86' lang='lat' dir='ltr'><strong>Lanigeros</strong></span> <span class='ocrx_word' id='word_1_33' title='bbox 471 1015 574 1066; x_wconf 89' lang='lat' dir='ltr'><strong>tamen</strong></span> <span class='ocrx_word' id='word_1_34' title='bbox 598 1008 669 1064; x_wconf 91' lang='lat' dir='ltr'><strong>hinc</strong></span> <span class='ocrx_word' id='word_1_35' title='bbox 692 1007 804 1064; x_wconf 89' lang='lat' dir='ltr'><strong>scimus</strong></span> <span class='ocrx_word' id='word_1_36' title='bbox 824 1006 934 1064; x_wconf 87' lang='lat' dir='ltr'><strong>abesse</strong></span> <span class='ocrx_word' id='word_1_37' title='bbox 955 1026 1074 1085; x_wconf 82' lang='lat' dir='ltr'><strong>greges.</strong></span> 
     </span>
     <span class='ocr_line' id='line_1_7' title="bbox 240 1091 999 1170; baseline -0.003 -19"><span class='ocrx_word' id='word_1_38' title='bbox 240 1091 314 1152; x_wconf 87' lang='lat' dir='ltr'><strong>Non</strong></span> <span class='ocrx_word' id='word_1_39' title='bbox 336 1094 459 1170; x_wconf 87' lang='lat' dir='ltr'><strong>capiunt</strong></span> <span class='ocrx_word' id='word_1_40' title='bbox 479 1111 586 1168; x_wconf 83' lang='lat' dir='ltr'><strong>operas</strong></span> <span class='ocrx_word' id='word_1_41' title='bbox 605 1091 730 1150; x_wconf 79' lang='lat' dir='ltr'><strong>fabriles</strong></span> <span class='ocrx_word' id='word_1_42' title='bbox 755 1091 869 1167; x_wconf 88' lang='lat' dir='ltr'><strong>oppida</strong></span> <span class='ocrx_word' id='word_1_43' title='bbox 888 1099 999 1150; x_wconf 87' lang='lat' dir='ltr'><strong>vestra.</strong></span> 
     </span>
     <span class='ocr_line' id='line_1_8' title="bbox 283 1175 1134 1252; baseline 0.004 -16"><span class='ocrx_word' id='word_1_44' title='bbox 283 1177 378 1236; x_wconf 87' lang='lat' dir='ltr'><strong>Nulla</strong></span> <span class='ocrx_word' id='word_1_45' title='bbox 398 1177 494 1236; x_wconf 90' lang='lat' dir='ltr'><strong>fabris</strong></span> <span class='ocrx_word' id='word_1_46' title='bbox 517 1186 619 1235; x_wconf 88' lang='lat' dir='ltr'><strong>tamen</strong></span> <span class='ocrx_word' id='word_1_47' title='bbox 640 1178 715 1234; x_wconf 87' lang='lat' dir='ltr'><strong>haec</strong></span> <span class='ocrx_word' id='word_1_48' title='bbox 736 1175 821 1252; x_wconf 88' lang='lat' dir='ltr'><strong>ligna</strong></span> <span class='ocrx_word' id='word_1_49' title='bbox 839 1176 992 1234; x_wconf 81' lang='lat' dir='ltr'><strong>ministrat</strong></span> <span class='ocrx_word' id='word_1_50' title='bbox 1012 1179 1134 1239; x_wconf 89' lang='lat' dir='ltr'><strong>humus.</strong></span> 
     </span>
     <span class='ocr_line' id='line_1_9' title="bbox 241 1261 1000 1338; baseline -0.003 -18"><span class='ocrx_word' id='word_1_51' title='bbox 241 1262 360 1321; x_wconf 78' lang='lat' dir='ltr'>Horrea</span> <span class='ocrx_word' id='word_1_52' title='bbox 383 1262 517 1320; x_wconf 78' lang='lat' dir='ltr'><strong>triticeae</strong></span> <span class='ocrx_word' id='word_1_53' title='bbox 539 1269 681 1338; x_wconf 87' lang='lat' dir='ltr'><strong>rumpunt</strong></span> <span class='ocrx_word' id='word_1_54' title='bbox 702 1261 750 1318; x_wconf 89' lang='lat' dir='ltr'><strong>hic</strong></span> <span class='ocrx_word' id='word_1_55' title='bbox 772 1261 868 1337; x_wconf 84' lang='lat' dir='ltr'><strong>frugis</strong></span> <span class='ocrx_word' id='word_1_56' title='bbox 892 1263 1000 1320; x_wconf 84' lang='lat' dir='ltr'><strong>acervi.</strong></span> 
     </span>
     <span class='ocr_line' id='line_1_10' title="bbox 283 1344 1042 1424; baseline 0.003 -20"><span class='ocrx_word' id='word_1_57' title='bbox 283 1347 420 1406; x_wconf 84' lang='lat' dir='ltr'><strong>Pascuus</strong></span> <span class='ocrx_word' id='word_1_58' title='bbox 442 1347 490 1403; x_wconf 92' lang='lat' dir='ltr'><strong>hic</strong></span> <span class='ocrx_word' id='word_1_59' title='bbox 513 1355 614 1404; x_wconf 87' lang='lat' dir='ltr'><strong>tamen</strong></span> <span class='ocrx_word' id='word_1_60' title='bbox 635 1354 692 1418; x_wconf 84' lang='lat' dir='ltr'><strong>est,</strong></span> <span class='ocrx_word' id='word_1_61' title='bbox 716 1366 778 1404; x_wconf 87' lang='lat' dir='ltr'><strong>non</strong></span> <span class='ocrx_word' id='word_1_62' title='bbox 800 1344 936 1404; x_wconf 83' lang='lat' dir='ltr'><strong>Cerealis</strong></span> <span class='ocrx_word' id='word_1_63' title='bbox 961 1366 1042 1424; x_wconf 85' lang='lat' dir='ltr'><strong>ager.</strong></span> 
     </span>
     <span class='ocr_line' id='line_1_11' title="bbox 242 1430 979 1507; baseline 0.001 -18"><span class='ocrx_word' id='word_1_64' title='bbox 242 1431 302 1489; x_wconf 91' lang='lat' dir='ltr'><strong>Hic</strong></span> <span class='ocrx_word' id='word_1_65' title='bbox 324 1451 489 1490; x_wconf 89' lang='lat' dir='ltr'><strong>numerosa</strong></span> <span class='ocrx_word' id='word_1_66' title='bbox 509 1431 585 1490; x_wconf 90' lang='lat' dir='ltr'><strong>meri</strong></span> <span class='ocrx_word' id='word_1_67' title='bbox 607 1432 755 1507; x_wconf 80' lang='lat' dir='ltr'><strong>stipantur</strong></span> <span class='ocrx_word' id='word_1_68' title='bbox 779 1430 864 1489; x_wconf 87' lang='lat' dir='ltr'><strong>dolia</strong></span> <span class='ocrx_word' id='word_1_69' title='bbox 884 1431 979 1490; x_wconf 87' lang='lat' dir='ltr'><strong>cellis.</strong></span> 
     </span>
     <span class='ocr_line' id='line_1_12' title="bbox 284 1514 1013 1592; baseline 0 -18"><span class='ocrx_word' id='word_1_70' title='bbox 284 1514 370 1589; x_wconf 79' lang='lat' dir='ltr'><strong>Quae</strong></span> <span class='ocrx_word' id='word_1_71' title='bbox 393 1516 494 1575; x_wconf 83' lang='lat' dir='ltr'><strong>vineta</strong></span> <span class='ocrx_word' id='word_1_72' title='bbox 515 1517 594 1575; x_wconf 91' lang='lat' dir='ltr'><strong>colat</strong></span> <span class='ocrx_word' id='word_1_73' title='bbox 615 1516 699 1574; x_wconf 88' lang='lat' dir='ltr'><strong>nulla</strong></span> <span class='ocrx_word' id='word_1_74' title='bbox 716 1522 839 1592; x_wconf 84' lang='lat' dir='ltr'><strong>putator</strong></span> <span class='ocrx_word' id='word_1_75' title='bbox 857 1516 957 1574; x_wconf 88' lang='lat' dir='ltr'><strong>habet.</strong></span> <span class='ocrx_word' id='word_1_76' title='bbox 1010 1552 1013 1557; x_wconf 70' lang='grc'><strong><em>»</em></strong></span> 
     </span>
     <span class='ocr_line' id='line_1_13' title="bbox 242 1600 1040 1678; baseline 0.001 -20"><span class='ocrx_word' id='word_1_77' title='bbox 242 1600 302 1658; x_wconf 91' lang='lat' dir='ltr'><strong>Hic</strong></span> <span class='ocrx_word' id='word_1_78' title='bbox 324 1601 417 1675; x_wconf 86' lang='lat' dir='ltr'><strong>nulla,</strong></span> <span class='ocrx_word' id='word_1_79' title='bbox 441 1610 492 1659; x_wconf 90' lang='lat' dir='ltr'><strong>aut</strong></span> <span class='ocrx_word' id='word_1_80' title='bbox 516 1609 597 1660; x_wconf 88' lang='lat' dir='ltr'><strong>certe</strong></span> <span class='ocrx_word' id='word_1_81' title='bbox 619 1619 708 1678; x_wconf 85' lang='lat' dir='ltr'><strong>seges</strong></span> <span class='ocrx_word' id='word_1_82' title='bbox 731 1609 778 1658; x_wconf 90' lang='lat' dir='ltr'><strong>est</strong></span> <span class='ocrx_word' id='word_1_83' title='bbox 797 1601 957 1660; x_wconf 86' lang='lat' dir='ltr'><strong>rarissima</strong></span> <span class='ocrx_word' id='word_1_84' title='bbox 977 1601 1040 1659; x_wconf 90' lang='lat' dir='ltr'><strong>lini.</strong></span> 
     </span>
     <span class='ocr_line' id='line_1_14' title="bbox 284 1686 931 1763; baseline 0.002 -19"><span class='ocrx_word' id='word_1_85' title='bbox 284 1686 417 1744; x_wconf 88' lang='lat' dir='ltr'><strong>Linificii</strong></span> <span class='ocrx_word' id='word_1_86' title='bbox 439 1695 541 1745; x_wconf 89' lang='lat' dir='ltr'><strong>tamen</strong></span> <span class='ocrx_word' id='word_1_87' title='bbox 566 1695 613 1746; x_wconf 87' lang='lat' dir='ltr'><strong>est</strong></span> <span class='ocrx_word' id='word_1_88' title='bbox 635 1686 722 1763; x_wconf 86' lang='lat' dir='ltr'><strong>copia</strong></span> <span class='ocrx_word' id='word_1_89' title='bbox 742 1687 841 1745; x_wconf 89' lang='lat' dir='ltr'><strong>maior</strong></span> <span class='ocrx_word' id='word_1_90' title='bbox 860 1687 931 1745; x_wconf 74' lang='lat' dir='ltr'><strong>ubi?</strong></span> 
     </span>
     <span class='ocr_line' id='line_1_15' title="bbox 242 1768 1101 1847; baseline 0.002 -17"><span class='ocrx_word' id='word_1_91' title='bbox 242 1768 302 1830; x_wconf 91' lang='lat' dir='ltr'><strong>Hic</strong></span> <span class='ocrx_word' id='word_1_92' title='bbox 322 1772 431 1831; x_wconf 89' lang='lat' dir='ltr'><strong>mediis</strong></span> <span class='ocrx_word' id='word_1_93' title='bbox 450 1773 604 1832; x_wconf 88' lang='lat' dir='ltr'><strong>habitatur</strong></span> <span class='ocrx_word' id='word_1_94' title='bbox 626 1771 723 1846; x_wconf 81' lang='lat' dir='ltr'><strong>aquis.</strong></span> <span class='ocrx_word' id='word_1_95' title='bbox 744 1772 811 1846; x_wconf 88' lang='lat' dir='ltr'><strong>quis</strong></span> <span class='ocrx_word' id='word_1_96' title='bbox 835 1772 958 1829; x_wconf 90' lang='lat' dir='ltr'><strong>credere</strong></span> <span class='ocrx_word' id='word_1_97' title='bbox 978 1771 1101 1847; x_wconf 77' lang='lat' dir='ltr'><strong>possiti</strong></span> 
     </span>
     <span class='ocr_line' id='line_1_16' title="bbox 285 1856 1069 1932; baseline 0.003 -17"><span class='ocrx_word' id='word_1_98' title='bbox 285 1858 325 1916; x_wconf 81' lang='lat' dir='ltr'><strong>Et</strong></span> <span class='ocrx_word' id='word_1_99' title='bbox 344 1866 446 1915; x_wconf 89' lang='lat' dir='ltr'><strong>tamen</strong></span> <span class='ocrx_word' id='word_1_100' title='bbox 467 1859 516 1915; x_wconf 92' lang='lat' dir='ltr'><strong>hic</strong></span> <span class='ocrx_word' id='word_1_101' title='bbox 535 1857 648 1929; x_wconf 84' lang='lat' dir='ltr'><strong>nullae,</strong></span> <span class='ocrx_word' id='word_1_102' title='bbox 669 1856 784 1928; x_wconf 80' lang='lat' dir='ltr'><strong>Densa,</strong></span> <span class='ocrx_word' id='word_1_103' title='bbox 802 1857 945 1915; x_wconf 87' lang='lat' dir='ltr'><strong>bibuntur</strong></span> <span class='ocrx_word' id='word_1_104' title='bbox 963 1875 1069 1932; x_wconf 85' lang='lat' dir='ltr'><strong>aquae.</strong></span> 
     </span>
     <span class='ocr_line' id='line_1_17' title="bbox 547 1940 809 1999; baseline 0 -1"><span class='ocrx_word' id='word_1_105' title='bbox 547 1946 552 1961; x_wconf 71' lang='lat'>⁸</span> <span class='ocrx_word' id='word_1_106' title='bbox 585 1945 668 1998; x_wconf 80' lang='lat' dir='ltr'><strong>Idem</strong></span> <span class='ocrx_word' id='word_1_107' title='bbox 691 1940 809 1999; x_wconf 82' lang='lat' dir='ltr'><strong>Graece.</strong></span> 
     </span>
     <span class='ocr_line' id='line_1_18' title="bbox 236 2018 976 2105; baseline -0.001 -21"><span class='ocrx_word' id='word_1_108' title='bbox 236 2018 407 2104; x_wconf 78' lang='grc' dir='ltr'>Ὕμετέρης</span> <span class='ocrx_word' id='word_1_109' title='bbox 431 2021 510 2104; x_wconf 83' lang='grc' dir='ltr'>ἐρέω</span> <span class='ocrx_word' id='word_1_110' title='bbox 535 2020 693 2105; x_wconf 78' lang='grc' dir='ltr'>νηπεοθέα</span> <span class='ocrx_word' id='word_1_111' title='bbox 714 2021 859 2102; x_wconf 75' lang='grc' dir='ltr'>θαύματα</span> <span class='ocrx_word' id='word_1_112' title='bbox 878 2023 976 2104; x_wconf 88' lang='grc' dir='ltr'>γαίης,</span> 
     </span>
     <span class='ocr_line' id='line_1_19' title="bbox 285 2105 934 2214; baseline -0.003 -47"><span class='ocrx_word' id='word_1_113' title='bbox 285 2106 454 2214; x_wconf 80' lang='grc' dir='ltr'>Δοοοιοίδη,</span> <span class='ocrx_word' id='word_1_114' title='bbox 479 2105 614 2168; x_wconf 79' lang='grc' dir='ltr'>δόσπιστ’</span> <span class='ocrx_word' id='word_1_115' title='bbox 639 2106 827 2174; x_wconf 81' lang='grc' dir='ltr'>ἀλλοδαποῖς</span> <span class='ocrx_word' id='word_1_116' title='bbox 847 2105 934 2169; x_wconf 82' lang='grc' dir='ltr'>ἀίειν</span> 
     </span>
     <span class='ocr_line' id='line_1_20' title="bbox 244 2189 1019 2274; baseline -0.001 -22"><span class='ocrx_word' id='word_1_117' title='bbox 244 2189 365 2253; x_wconf 80' lang='grc' dir='ltr'>ἐνταυθ’</span> <span class='ocrx_word' id='word_1_118' title='bbox 387 2190 483 2253; x_wconf 82' lang='grc' dir='ltr'><strong>οόκ’</strong></span> <span class='ocrx_word' id='word_1_119' title='bbox 465 2215 485 2253; x_wconf 92' lang='grc' dir='ltr'>α</span> <span class='ocrx_word' id='word_1_120' title='bbox 489 2196 583 2272; x_wconf 72' lang='lat' dir='ltr'><strong>punio</strong></span> <span class='ocrx_word' id='word_1_121' title='bbox 588 2189 712 2273; x_wconf 83' lang='grc' dir='ltr'>’ἐρίοις</span> <span class='ocrx_word' id='word_1_122' title='bbox 733 2191 857 2259; x_wconf 81' lang='grc' dir='ltr'>ἱοτωνες</span> <span class='ocrx_word' id='word_1_123' title='bbox 875 2191 1019 2274; x_wconf 75' lang='grc' dir='ltr'>Ἀθήνης.</span> 
     </span>
     <span class='ocr_line' id='line_1_21' title="bbox 286 2213 978 2384; baseline -0.003 -47"><span class='ocrx_word' id='word_1_124' title='bbox 286 2279 356 2337; x_wconf 71' lang='grc' dir='ltr'><strong>πῶο·</strong></span> <span class='ocrx_word' id='word_1_125' title='bbox 380 2274 415 2337; x_wconf 80' lang='grc' dir='ltr'><strong>δὲ</strong></span> <span class='ocrx_word' id='word_1_126' title='bbox 439 2213 622 2384; x_wconf 68' lang='lat' dir='ltr'><strong>ppiiiov⁰</strong></span> <span class='ocrx_word' id='word_1_127' title='bbox 600 2297 679 2336; x_wconf 90' lang='grc' dir='ltr'>απαν</span> <span class='ocrx_word' id='word_1_128' title='bbox 700 2274 870 2358; x_wconf 79' lang='grc' dir='ltr'>εἰροπόκων</span> <span class='ocrx_word' id='word_1_129' title='bbox 894 2276 978 2338; x_wconf 81' lang='grc' dir='ltr'>ὀΐων.</span> 
     </span>
     <span class='ocr_line' id='line_1_22' title="bbox 245 2358 1026 2468; baseline -0.004 -44"><span class='ocrx_word' id='word_1_130' title='bbox 245 2358 339 2424; x_wconf 82' lang='grc' dir='ltr'>ἄστεα</span> <span class='ocrx_word' id='word_1_131' title='bbox 363 2361 540 2468; x_wconf 76' lang='grc' dir='ltr'>χειροβίηος</span> <span class='ocrx_word' id='word_1_132' title='bbox 567 2360 603 2422; x_wconf 78' lang='grc' dir='ltr'><strong>οὐ</strong></span> <span class='ocrx_word' id='word_1_133' title='bbox 625 2365 726 2468; x_wconf 82' lang='grc' dir='ltr'>χωρεῖ</span> <span class='ocrx_word' id='word_1_134' title='bbox 743 2359 885 2428; x_wconf 81' lang='grc' dir='ltr'>τέκτονας</span> <span class='ocrx_word' id='word_1_135' title='bbox 905 2359 1026 2443; x_wconf 81' lang='grc' dir='ltr'>ἄνδρας.</span> 
     </span>
     <span class='ocr_line' id='line_1_23' title="bbox 287 2443 947 2549; baseline 0 -43"><span class='ocrx_word' id='word_1_136' title='bbox 287 2444 453 2549; x_wconf 82' lang='grc' dir='ltr'>ἐργασίμης</span> <span class='ocrx_word' id='word_1_137' title='bbox 475 2445 501 2507; x_wconf 84' lang='grc' dir='ltr'><strong>δ’</strong></span> <span class='ocrx_word' id='word_1_138' title='bbox 516 2445 591 2527; x_wconf 82' lang='grc' dir='ltr'>ὕλης</span> <span class='ocrx_word' id='word_1_139' title='bbox 613 2443 674 2506; x_wconf 77' lang='grc' dir='ltr'>ἐστ’</span> <span class='ocrx_word' id='word_1_140' title='bbox 682 2443 844 2549; x_wconf 83' lang='grc' dir='ltr'>ἀχόρηγον</span> <span class='ocrx_word' id='word_1_141' title='bbox 869 2446 947 2512; x_wconf 76' lang='grc' dir='ltr'>ἕδος.</span> 
     </span>
     <span class='ocr_line' id='line_1_24' title="bbox 245 2528 941 2636; baseline 0 -45"><span class='ocrx_word' id='word_1_142' title='bbox 245 2528 463 2597; x_wconf 86' lang='grc' dir='ltr'>οιτοδόκοος</span> <span class='ocrx_word' id='word_1_143' title='bbox 443 2534 542 2613; x_wconf 81' lang='grc' dir='ltr'>πυροῦ</span> <span class='ocrx_word' id='word_1_144' title='bbox 565 2529 690 2612; x_wconf 83' lang='grc' dir='ltr'>σωροὶ</span> <span class='ocrx_word' id='word_1_145' title='bbox 680 2535 815 2636; x_wconf 80' lang='grc' dir='ltr'>ρηγνῦοι</span> <span class='ocrx_word' id='word_1_146' title='bbox 824 2529 941 2597; x_wconf 84' lang='grc' dir='ltr'>καλιάς.</span> 
     </span>
     <span class='ocr_line' id='line_1_25' title="bbox 288 2610 1004 2744; baseline -0.001 -69"><span class='ocrx_word' id='word_1_147' title='bbox 288 2613 469 2698; x_wconf 84' lang='grc' dir='ltr'>βοοβοτος</span> <span class='ocrx_word' id='word_1_148' title='bbox 455 2637 474 2696; x_wconf 88' lang='grc' dir='ltr'>η</span> <span class='ocrx_word' id='word_1_149' title='bbox 493 2617 568 2723; x_wconf 89' lang='grc' dir='ltr'>γαίη</span> <span class='ocrx_word' id='word_1_150' title='bbox 593 2614 663 2693; x_wconf 81' lang='grc' dir='ltr'>δ’[,]</span> <span class='ocrx_word' id='word_1_151' title='bbox 686 2613 722 2676; x_wconf 83' lang='grc' dir='ltr'><strong>οὐ</strong></span> <span class='ocrx_word' id='word_1_152' title='bbox 711 2612 877 2744; x_wconf 84' lang='grc' dir='ltr'>φιλόπορ</span> <span class='ocrx_word' id='word_1_153' title='bbox 880 2636 914 2681; x_wconf 85' lang='grc' dir='ltr'>ος</span> <span class='ocrx_word' id='word_1_154' title='bbox 935 2610 1004 2697; x_wconf 82' lang='grc' dir='ltr'>ἔφυ.</span> 
     </span>
     <span class='ocr_line' id='line_1_26' title="bbox 245 2637 1095 2780; baseline -0.002 -19"><span class='ocrx_word' id='word_1_155' title='bbox 245 2696 371 2761; x_wconf 84' lang='grc' dir='ltr'>ἄπλετοι</span> <span class='ocrx_word' id='word_1_156' title='bbox 395 2697 451 2759; x_wconf 80' lang='grc' dir='ltr'><strong>ὧδ’</strong></span> <span class='ocrx_word' id='word_1_157' title='bbox 474 2697 569 2761; x_wconf 80' lang='grc' dir='ltr'>οἴνοιο</span> <span class='ocrx_word' id='word_1_158' title='bbox 593 2698 776 2780; x_wconf 82' lang='grc' dir='ltr'>νενασμέναι</span> <span class='ocrx_word' id='word_1_159' title='bbox 800 2700 857 2760; x_wconf 79' lang='lat' dir='ltr'><strong>cici</strong></span> <span class='ocrx_word' id='word_1_160' title='bbox 862 2637 1030 2760; x_wconf 77' lang='grc' dir='ltr'><strong>ρπιοοίιιναι.</strong></span> <span class='ocrx_word' id='word_1_161' title='bbox 1092 2734 1095 2737; x_wconf 75' lang='lat'><em>,</em></span> 
     </span>
     <span class='ocr_line' id='line_1_27' title="bbox 287 2781 951 2888; baseline -0.002 -44"><span class='ocrx_word' id='word_1_162' title='bbox 287 2781 414 2850; x_wconf 79' lang='grc' dir='ltr'>ουδενὸς</span> <span class='ocrx_word' id='word_1_163' title='bbox 441 2782 606 2846; x_wconf 80' lang='grc' dir='ltr'>οἰνοπέδοο</span> <span class='ocrx_word' id='word_1_164' title='bbox 632 2783 660 2845; x_wconf 82' lang='grc' dir='ltr'><strong>δ’</strong></span> <span class='ocrx_word' id='word_1_165' title='bbox 682 2783 744 2845; x_wconf 81' lang='grc' dir='ltr'>ἐστὶ</span> <span class='ocrx_word' id='word_1_166' title='bbox 756 2782 951 2888; x_wconf 82' lang='grc' dir='ltr'>ροτηκορίη.</span> 
     </span>
     <span class='ocr_line' id='line_1_28' title="bbox 243 2866 1031 2951; baseline -0.006 -19"><span class='ocrx_word' id='word_1_167' title='bbox 243 2866 431 2949; x_wconf 76' lang='grc' dir='ltr'>οὖδαμὸς,ἢ</span> <span class='ocrx_word' id='word_1_168' title='bbox 457 2869 590 2940; x_wconf 81' lang='grc' dir='ltr'>σπάνιος</span> <span class='ocrx_word' id='word_1_169' title='bbox 613 2868 688 2951; x_wconf 81' lang='grc' dir='ltr'>τηδε</span> <span class='ocrx_word' id='word_1_170' title='bbox 709 2866 822 2949; x_wconf 82' lang='grc' dir='ltr'>σπόρος</span> <span class='ocrx_word' id='word_1_171' title='bbox 844 2868 906 2929; x_wconf 82' lang='grc' dir='ltr'>ἐστὶ</span> <span class='ocrx_word' id='word_1_172' title='bbox 926 2867 1031 2928; x_wconf 86' lang='grc' dir='ltr'>λίνοιο.</span> 
     </span>
     <span class='ocr_line' id='line_1_29' title="bbox 285 2951 1026 3035; baseline -0.003 -22"><span class='ocrx_word' id='word_1_173' title='bbox 285 2956 345 3014; x_wconf 80' lang='grc' dir='ltr'><strong>ποῦ</strong></span> <span class='ocrx_word' id='word_1_174' title='bbox 370 2975 444 3014; x_wconf 84' lang='grc' dir='ltr'>ποτε</span> <span class='ocrx_word' id='word_1_175' title='bbox 470 2953 496 3015; x_wconf 80' lang='grc' dir='ltr'><strong>δ’</strong></span> <span class='ocrx_word' id='word_1_176' title='bbox 518 2954 575 3016; x_wconf 81' lang='grc' dir='ltr'>εἰσὶ</span> <span class='ocrx_word' id='word_1_177' title='bbox 599 2954 683 3014; x_wconf 86' lang='grc' dir='ltr'>λίνου</span> <span class='ocrx_word' id='word_1_178' title='bbox 708 2953 847 3020; x_wconf 83' lang='grc' dir='ltr'>πλείονες</span> <span class='ocrx_word' id='word_1_179' title='bbox 872 2951 1026 3035; x_wconf 79' lang='grc' dir='ltr'>ἐργασίαι;</span> 
     </span>
     <span class='ocr_line' id='line_1_30' title="bbox 245 3035 1031 3120; baseline -0.001 -23"><span class='ocrx_word' id='word_1_180' title='bbox 245 3035 338 3098; x_wconf 83' lang='grc' dir='ltr'>οἰκίαι</span> <span class='ocrx_word' id='word_1_181' title='bbox 359 3037 416 3099; x_wconf 78' lang='lat' dir='ltr'><strong>eici</strong></span> <span class='ocrx_word' id='word_1_182' title='bbox 436 3037 624 3120; x_wconf 79' lang='grc' dir='ltr'>μνέαοισινέ</span> <span class='ocrx_word' id='word_1_183' title='bbox 651 3037 748 3098; x_wconf 74' lang='grc' dir='ltr'>ὕδασι.</span> <span class='ocrx_word' id='word_1_184' title='bbox 771 3036 814 3103; x_wconf 83' lang='grc' dir='ltr'>τίς</span> <span class='ocrx_word' id='word_1_185' title='bbox 835 3060 869 3099; x_wconf 82' lang='grc' dir='ltr'><strong>κε</strong></span> <span class='ocrx_word' id='word_1_186' title='bbox 893 3036 1031 3112; x_wconf 82' lang='grc' dir='ltr'>πίθοιτο;</span> 
     </span>
     <span class='ocr_line' id='line_1_31' title="bbox 294 3062 976 3203; baseline -0.003 -19"><span class='ocrx_word' id='word_1_187' title='bbox 294 3062 514 3203; x_wconf 82' lang='grc' dir='ltr'>Υδροποτεῖδ</span> <span class='ocrx_word' id='word_1_188' title='bbox 539 3122 641 3188; x_wconf 74' lang='grc' dir='ltr'>οὐδεὶς</span> <span class='ocrx_word' id='word_1_189' title='bbox 665 3118 787 3196; x_wconf 79' lang='grc' dir='ltr'><strong>ἐνθάδε,</strong></span> <span class='ocrx_word' id='word_1_190' title='bbox 808 3122 976 3203; x_wconf 85' lang='grc' dir='ltr'>Δοοοιοίδη.</span> 
     </span>
     <span class='ocr_line' id='line_1_32' title="bbox 336 3215 680 3283; baseline -0.006 -15"><span class='ocrx_word' id='word_1_191' title='bbox 336 3219 412 3283; x_wconf 85' lang='lat' dir='ltr'><strong>Lugd</strong></span> <span class='ocrx_word' id='word_1_192' title='bbox 440 3221 499 3269; x_wconf 83' lang='lat' dir='ltr'><strong>But.</strong></span> <span class='ocrx_word' id='word_1_193' title='bbox 518 3234 586 3268; x_wconf 87' lang='lat' dir='ltr'><strong>anno</strong></span> <span class='ocrx_word' id='word_1_194' title='bbox 607 3215 680 3267; x_wconf 80' lang='grc'>1000.</span> 
     </span>
    </p>
   </div>
   <div class='ocr_carea' id='block_1_3' title="bbox 244 3373 984 3536">
    <p class='ocr_par' dir='ltr' id='par_1_3' title="bbox 244 3373 984 3536">
     <span class='ocr_line' id='line_1_33' title="bbox 415 3373 984 3450; baseline -0.005 -17"><span class='ocrx_word' id='word_1_195' title='bbox 415 3375 468 3450; x_wconf 81' lang='lat'><strong>[53</strong></span> <span class='ocrx_word' id='word_1_196' title='bbox 512 3376 658 3432; x_wconf 73' lang='lat' dir='ltr'><strong>discedam</strong></span> <span class='ocrx_word' id='word_1_197' title='bbox 679 3373 772 3431; x_wconf 81' lang='lat' dir='ltr'><strong>Rome</strong></span> <span class='ocrx_word' id='word_1_198' title='bbox 793 3393 868 3431; x_wconf 83' lang='lat' dir='ltr'><strong>anno</strong></span> <span class='ocrx_word' id='word_1_199' title='bbox 894 3373 984 3432; x_wconf 81' lang='lat'><strong>1566.</strong></span> 
     </span>
     <span class='ocr_line' id='line_1_34' title="bbox 244 3457 912 3536; baseline -0.004 -17"><span class='ocrx_word' id='word_1_200' title='bbox 244 3457 393 3536; x_wconf 80' lang='lat' dir='ltr'><strong>Spurcum</strong></span> <span class='ocrx_word' id='word_1_201' title='bbox 417 3459 546 3516; x_wconf 86' lang='lat' dir='ltr'><strong>cadaver</strong></span> <span class='ocrx_word' id='word_1_202' title='bbox 566 3459 713 3535; x_wconf 83' lang='lat' dir='ltr'><strong>pristinae</strong></span> <span class='ocrx_word' id='word_1_203' title='bbox 733 3458 912 3530; x_wconf 85' lang='lat' dir='ltr'><strong>venustatis,</strong></span> 
     </span>
    </p>
   </div>
   <div class='ocr_carea' id='block_1_4' title="bbox 218 3542 806 3622">
    <p class='ocr_par' dir='ltr' id='par_1_4' title="bbox 218 3542 806 3622">
     <span class='ocr_line' id='line_1_35' title="bbox 218 3542 806 3622; baseline -0.003 -20"><span class='ocrx_word' id='word_1_204' title='bbox 218 3606 222 3612; x_wconf 83' lang='lat'><strong>.</strong></span> <span class='ocrx_word' id='word_1_205' title='bbox 243 3544 349 3622; x_wconf 87' lang='lat' dir='ltr'><strong>Imago</strong></span> <span class='ocrx_word' id='word_1_206' title='bbox 371 3544 467 3620; x_wconf 88' lang='lat' dir='ltr'><strong>turpis</strong></span> <span class='ocrx_word' id='word_1_207' title='bbox 492 3542 631 3620; x_wconf 80' lang='lat' dir='ltr'><strong>puritatis</strong></span> <span class='ocrx_word' id='word_1_208' title='bbox 655 3545 806 3620; x_wconf 85' lang='lat' dir='ltr'><strong>antiquae,</strong></span> 
     </span>
    </p>
   </div>
   <div class='ocr_carea' id='block_1_5' title="bbox 0 0 1271 4216">
    <p class='ocr_par' dir='ltr' id='par_1_5' title="bbox 0 0 1271 4216">
     <span class='ocr_line' id='line_1_36' title="bbox 0 0 1271 4216; baseline 0 0"><span class='ocrx_word' id='word_1_209' title='bbox 0 0 1271 4216; x_wconf 95' lang='lat' dir='ltr'><strong> </strong></span> 
     </span>
    </p>
   </div>
  </div>
 </body>
</html>
