2532 4216
137 491 231 551 (lente
251 509 290 548 ex
312 490 471 549 barbarica
492 498 581 568 parta
599 491 745 567 trophaea
763 492 840 551 tulit.

22 580 23 595 ³
98 575 189 635 Huius
211 585 243 635 tu
264 575 389 634 soboles
415 576 520 635 doctas
543 576 736 653 amplecteris
759 585 851 651 artes,

22 680 23 689 ¹
135 660 213 734 Quas
232 679 329 739 prope
351 660 506 737 depositas
526 661 633 719 ultima
653 660 718 719 lata
740 663 877 721 trahuntr

22 814 23 819 ἵ
100 743 168 804 Cum
189 754 252 804 toto
276 745 383 804 studiis
406 746 684 805 intermorientibus
709 747 793 819 orbe,

135 830 294 889 Barbaries
318 830 391 889 atris
416 832 498 890 celsa
518 831 682 906 triumphet
704 831 799 905 cquis.

100 912 128 975 Si
144 917 277 992 proavis,
300 915 443 988 Hermiae,
465 916 525 974 tuis
547 934 623 993 gens
641 916 771 974 barbara
789 915 891 988 cessit,

135 1000 292 1059 Barbaries
317 1000 407 1058 debet
428 1001 535 1059 cedere
554 1001 634 1059 victa
658 1000 721 1058 tibi.

440 1170 493 1229 36.
540 1170 656 1229 Eidem.

99 1251 220 1312 Borboni
243 1254 383 1312 columen
407 1255 539 1331 generis,
561 1255 609 1311 cui
630 1252 734 1311 Pallas
758 1253 904 1314 honestae

136 1341 221 1397 Artes
246 1339 298 1396 dat
319 1357 426 1413 puero,
448 1358 518 1397 mox
541 1339 624 1397 dabit
644 1357 728 1396 arma
748 1338 828 1410 vir03

99 1420 142 1480 Ne
163 1426 280 1497 mirere,
301 1423 357 1493 tibi
378 1424 404 1481 si
425 1444 482 1501 pro
506 1442 643 1482 sermone
663 1423 798 1501 pedestri

136 1510 278 1567 Mittimus
302 1507 468 1584 imparibus
487 1510 581 1567 verba
603 1509 699 1586 ligata
720 1509 829 1567 modis.

99 1591 209 1651 Blanda
230 1594 273 1652 tui
296 1594 455 1666 fecithoc,
481 1612 557 1668 quae
579 1612 634 1652 nos
655 1594 749 1664 fovet,
777 1612 851 1651 aura
871 1593 1002 1652 favoris:

138 1678 222 1737 Hanc
242 1680 273 1736 in
295 1687 397 1737 mente
418 1697 487 1739 mea
508 1678 634 1737 ventilat
654 1678 708 1735 illa
729 1677 836 1734 facem.

99 1762 172 1821 Nam
192 1764 265 1822 mihi
288 1763 477 1838 nescioquis
503 1781 646 1821 recreans
666 1763 698 1819 in
721 1763 856 1820 carmina
877 1763 958 1821 vires

137 1850 234 1908 Ardor
256 1848 407 1906 amicitiae
430 1842 526 1925 spirat
545 1848 582 1906 ab
604 1849 674 1925 igne
693 1855 780 1905 tuae:

98 1932 255 2010 Ignotoque
276 1934 367 1992 rudes
387 1941 559 2010 praetentat
578 1933 722 2010 Apolline
745 1951 865 2005 sensus,

138 2017 339 2095 Quaecunque
362 2019 437 2076 haec
461 2018 585 2090 vincet,
608 2037 697 2094 quam
716 2027 785 2077 tuus
809 2018 894 2076 afflat
908 2037 1004 2077 amor.

100 2100 161 2160 Nec
181 2124 251 2164 vero
275 2112 406 2161 metuam
430 2123 468 2161 ne
490 2102 547 2162 sim
569 2104 635 2162 sine
658 2103 790 2161 carmine
812 2111 909 2176 vates,

136 2189 208 2265 Ipsa
226 2209 326 2248 meum
346 2189 441 2247 virtus
463 2208 533 2246 nam
553 2196 606 2247 tua
628 2208 748 2246 carmen
764 2189 829 2245 erit.

139 2358 185 2417 37.
233 2361 294 2416 Iac.
327 2358 459 2435 Acpaeto
491 2360 629 2427 Phaone,
660 2357 757 2414 Notas
783 2359 814 2413 in
845 2358 961 2416 Novum
1044 2362 1046 2367 '

342 2444 552 2503 Testamentum
576 2442 760 2516 esflapc'tunti,

103 2526 246 2588 OMusas
270 2536 300 2586 et
322 2547 380 2587 nos
400 2527 491 2604 parili
513 2526 693 2602 complexus
718 2544 833 2598 amore,

138 2612 290 2671 Musarum
315 2621 345 2670 et
365 2623 503 2671 nostrum
526 2611 624 2683 dulce,
647 2610 786 2683 Thuane‚
811 2612 920 2683 decus3
994 2620 997 2631 ’

100 2694 154 2753 Pro
174 2717 231 2773 quo
254 2718 313 2756 non
336 2699 468 2756 dubitem
490 2704 571 2755 totas
595 2715 634 2754 ex
655 2694 762 2756 ordine
780 2706 898 2770 noctes,

138 2780 286 2842 Noctibus
310 2791 341 2840 et
361 2790 440 2842 totos
464 2782 640 2841 continuare
663 2781 746 2853 dies3

100 2862 174 2937 Quid
194 2888 242 2926 me
265 2868 359 2926 divini
380 2868 447 2926 velo
469 2876 622 2926 summota¹
639 2867 752 2925 silentii

139 2951 229 3030 Legis
250 2953 449 3030 Apostolicae
471 2961 595 3030 tangere
619 2970 706 3010 sacra
724 2951 834 3009 iubes?

98 3034 172 3094 Ecce
194 3039 393 3115 profanorum
414 3038 549 3107 maculas
569 3038 693 3096 abolere
717 3043 872 3112 parantem

137 3121 304 3199 Impatiens
323 3123 388 3180 veri
409 3143 472 3181 non
492 3122 561 3181 tulit
582 3122 705 3180 invidia.

101 3201 217 3265 Scilicet
237 3209 268 3266 in
293 3228 363 3267 vero
385 3227 489 3266 verum
508 3208 659 3285 patienter
679 3205 831 3274 amabunt,

138 3290 195 3364 Qui
215 3313 318 3351 verum
334 3293 365 3350 in
384 3293 473 3370 nugis
495 3312 554 3350 nou
576 3300 697 3367 potuere
719 3288 790 3364 pati.

99 3372 219 3434 Illorum
239 3379 266 3436 si
288 3378 355 3436 luce
379 3396 435 3436 sua
455 3377 649 3453 praestringit
666 3373 780 3432 ocellos

140 3458 193 3520 Sol
213 3483 311 3536 meus,
329 3470 396 3520 uret
414 3480 468 3521 eos
493 3462 541 3521 sol
564 3480 648 3519 meus
671 3460 741 3536 igue
761 3477 826 3518 suo.

757 3640 802 3699 3.
