2502 4218
468 341 618 437 *ffl-

97 505 216 567 Latrare
236 527 300 568 mos
323 509 405 569 hunc
422 511 512 589 cogit,
537 521 570 570 at
589 514 694 573 feritas
719 533 796 572 eum.

95 676 144 734 35.
185 677 297 736 Famae
322 679 431 740 beatus
450 683 501 757 qui
521 681 690 757 supervixit
713 701 798 756 suae,

95 759 217 839 Illisque
235 764 345 822 meruit
366 765 515 824 interesse
536 765 688 837 laudibus,

96 842 175 919 Quas
195 848 257 906 vita
274 868 337 908 non
357 850 420 922 dat,
440 850 530 911 funus
550 869 589 908 uc¹
606 851 682 909 cinis
704 852 819 911 darem.

94 930 186 991 Bonis
206 933 321 1006 liceret,
346 936 372 994 si
392 935 499 993 liceret
520 955 577 1012 per
598 935 707 1009 malos,
851 930 855 937 ’

96 1015 178 1077 Vivis
200 1026 311 1096 negata
331 1020 431 1097 gloria
452 1021 529 1080 vivis
553 1022 621 1079 frui.
690 1040 692 1047 ’

96 1097 154 1160 Sed
174 1103 200 1162 si
217 1105 364 1165 bonorum
384 1105 496 1162 iudicia
515 1105 552 1163 de
574 1125 622 1163 me
644 1107 704 1162 mei

96 1185 235 1247 Tardavit
258 1190 327 1246 aevi
346 1190 427 1249 livor
446 1209 483 1248 ac
500 1190 685 1267 malignitas,

95 1271 189 1330 Meam
209 1274 370 1348 loquentes
394 1275 520 1352 gloriam
540 1274 700 1351 nepotibus

94 1355 233 1416 Iniuriam
255 1359 364 1416 horum
388 1379 446 1417 non
469 1360 612 1418 tacebunt
633 1361 759 1436 posteri.

96 1525 142 1585 36.
187 1525 393 1605 Quaecunque
416 1538 446 1587 et
467 1537 547 1588 artes
570 1530 742 1602 moliuntur,
767 1538 797 1586 et
817 1530 897 1605 parit

95 1608 217 1684 Natura,
238 1631 324 1672 mors
344 1614 419 1671 haec
440 1614 583 1673 vindicat.
608 1621 690 1672 stant
709 1622 743 1670 ut
762 1621 865 1671 ruant:

94 1695 211 1771 Vivant,
233 1706 266 1755 ut
288 1698 407 1757 obeant.
429 1699 535 1758 ultimo
559 1699 726 1758 discrimini

95 1779 233 1842 Servatur
251 1783 342 1842 orbis.
371 1784 485 1844 Omnia
506 1786 538 1841 in
561 1782 705 1840 mundum
729 1782 840 1839 cadunt

95 1863 239 1927 Casurum
262 1877 293 1926 et
315 1868 428 1945 ipsum,
450 1889 508 1927 non
534 1868 696 1926 habentem
713 1886 773 1942 quo
797 1867 893 1924 cadat.

95 2036 138 2096 37.
184 2037 295 2098 Omnia
319 2039 429 2115 cupido
453 2038 565 2111 laudis,
590 2037 689 2095 omnis
713 2036 854 2108 ambitae,

93 2119 229 2181 Pruritus
249 2122 344 2180 animi
368 2131 415 2182 est
431 2123 604 2183 'febrientis
624 2121 750 2181 Gloriae

94 2204 287 2284 contemptor
305 2209 436 2280 animus,
459 2208 554 2266 maior
574 2208 657 2266 omni
678 2206 775 2283 gloria
795 2214 852 2263 est.

93 2377 140 2436 38.
184 2376 389 2451 Quaecunque
410 2376 500 2436 luxus
524 2375 635 2433 artifex
657 2374 811 2450 superflua

94 2461 283 2540 Excogitavit
304 2463 369 2521 esui
388 2472 478 2536 atque
498 2460 632 2527 indutui3

95 2547 178 2623 Quae
201 2555 296 2607 nauta
316 2565 437 2619 avarus,
458 2544 605 2622 prodigus
625 2544 706 2601 vitae
728 2561 812 2615 suae,

93 2631 203 2691 Procul
222 2632 332 2710 petivit
347 2632 441 2709 longa
462 2649 518 2707 per
534 2628 728 2700 discrimina,
777 2664 779 2669 »

93 2716 179 2776 Vitae
201 2726 348 2795 parantur
365 2717 476 2788 omnia,
497 2724 527 2773 et
548 2715 641 2773 vitam
661 2721 802 2772 atterunt.

93 2885 141 2944 39.
186 2884 321 2945 Conviva
339 2888 398 2963 fige
417 2886 503 2962 potui
521 2885 651 2960 primum
671 2883 802 2953 modum,

92 2968 176 3043 Quod
199 2979 246 3029 est
267 2989 410 3042 necesse3
433 2971 618 3047 proximum,
640 2967 719 3044 quod
741 2975 788 3025 est
808 2965 894 3027 satis.

91 3053 144 3113 Nil
166 3064 215 3115 sat
231 3056 331 3114 bibaci
350 3064 408 3128 est,
421 3098 424 3105 ,
436 3055 540 3115 sobrio
562 3053 606 3112 nil
628 3061 676 3110 est
695 3070 810 3133 parum.

93 3223 141 3283 40.
186 3226 307 3284 Morum
328 3226 478 3285 malorum
502 3224 682 3299 pestilentus
706 3221 831 3301 spinitus

92 3307 163 3370 Sive
186 3310 288 3385 adflat,
310 3312 422 3381 aufert3
443 3309 507 3368 sive
533 3308 665 3384 stringit,
686 3305 791 3363 inficit.

92 3393 139 3453 Ne
158 3395 239 3455 forte
258 3403 289 3453 te
309 3396 381 3455 ullis
403 3395 511 3453 allinat
533 3392 680 3469 contagiis

92 3478 230 3540 Pruritus
253 3480 374 3556 aliquis,
395 3480 457 3538 tale
477 3477 705 3536 contubernium

93 3563 195 3628 Vitare
216 3584 356 3658 Bropera.
377 3582 509 3640 namque
528 3563 556 3620 si
577 3570 678 3620 mores
703 3559 802 3618 malos
