2586 4214
499 351 651 447 ..e-⁰⁵..

114 519 183 579 Nec
205 520 293 592 dixit,
314 520 406 592 Aiax,
431 538 524 578 sensa
543 520 597 579 sed
621 521 731 579 mentis
754 528 816 580 tra.

115 605 162 663 Te
183 605 304 680 respice
323 624 409 683 ergo:
433 605 472 663 da
493 606 588 663 locum
612 606 792 680 sententiae,

115 690 192 748 Tuis
216 690 334 762 amicis,
357 698 448 766 atque
471 690 567 749 missa
587 691 662 750 haec
683 691 726 750 sis
749 692 826 750 iace.

115 774 189 834 Teo.
230 773 357 832 Nullum
377 784 435 847 est,
457 776 531 833 here
551 777 645 849 Aiax,
668 776 1010 865 omnibusmortalibus
1030 780 1082 836 485

114 859 321 918 Necessitatis
343 861 463 938 legibus
486 861 584 920 maius
606 862 728 920 melum.

114 946 181 1022 Ego
202 945 324 1020 quidem
346 963 413 1003 sum
436 955 519 1004 creta
541 946 635 1005 libero
652 956 750 1023 patre,

113 1030 222 1104 quue
246 1030 318 1102 dite,
343 1031 370 1090 si
392 1031 460 1106 quis
483 1031 561 1090 alias
583 1039 630 1090 est
649 1032 814 1110 Phrygum.

114 1113 207 1173 Nunc
227 1115 383 1173 servitutis
402 1117 580 1192 compotivit
597 1135 646 1174 me
666 1116 764 1190 Dens,

113 1198 156 1258 Et
177 1207 231 1256 tua
251 1199 391 1258 domitrix
412 1200 527 1258 dextra.
550 1208 710 1278 postquam
731 1204 803 1280 ergo
826 1203 859 1260 in
878 1210 962 1261 tuum
1030 1213 1083 1283 490

116 1283 226 1346 Cubile
248 1284 388 1356 conveni,
413 1304 511 1343 exeo
535 1287 642 1345 studeo
663 1288 728 1346 tibi.

116 1368 204 1442 Quod
225 1370 351 1428 obsecro
373 1377 404 1426 te
422 1389 535 1447 perque
558 1390 744 1432 communem
767 1373 872 1445 larem,

116 1452 301 1529 Socinmque
323 1455 445 1527 lectum,
467 1455 499 1512 in
521 1474 609 1530 quem
632 1467 755 1534 optume
777 1459 984 1531 convenimus,

114 1538 177 1611 Ne,
205 1534 275 1596 dum
297 1558 345 1596 me
366 1540 479 1614 iniquis
501 1542 597 1600 tradis
622 1541 653 1599 in
675 1562 798 1600 manum
817 1543 889 1615 tuis,

116 1622 292 1696 Committe,
314 1632 348 1682 ut
371 1624 409 1682 iis
431 1622 577 1684 infamiae
598 1627 630 1683 in
653 1645 763 1694 caussa
784 1627 876 1685 fuam.
1029 1621 1080 1676 495

116 1707 151 1769 si
175 1709 312 1781 moreris,
333 1727 369 1766 ac
390 1728 448 1768 nos
470 1719 568 1769 morte
590 1711 729 1771 destituis
752 1719 815 1783 tua,

115 1794 206 1852 Ilicet
228 1794 332 1851 eodem
356 1802 472 1869 raptam
494 1796 532 1853 ab
555 1797 677 1872 Argivis
698 1797 756 1870 die,
840 1790 845 1803 ’

116 1878 329 1954 Tractamqne,
352 1897 460 1952 meque
477 1881 695 1956 parvolnmqne
713 1880 828 1952 diriter,

115 1963 311 2024 Famularum
331 1964 370 2020 ad
390 1983 482 2021 unum
507 1966 616 2043 degere
638 1974 768 2025 aetatem
792 1971 924 2023 autumo.

117 2048 264 2108 Oratione
285 2057 349 2106 tum
372 2050 440 2124 quis
463 2050 593 2110 incilans
615 2052 713 2111 malus

115 2132 270 2192 Dominus
293 2152 406 2207 amara,
427 2137 554 2212 aspicite
577 2138 744 2215 coniugem,
768 2135 893 2210 inquiet,

115 2219 232 2291 Aiacis,
250 2219 396 2295 Argivom
420 2223 553 2279 omnium
574 2221 752 2292 fortissumi,

118 2304 205 2378 Quae
227 2304 372 2361 servitute
392 2306 481 2379 quale
504 2308 632 2366 mutavit
650 2304 766 2365 decus?

116 2388 205 2446 Haec
226 2388 306 2446 dicet
326 2389 448 2465 aliquis.
471 2410 520 2448 me
540 2392 659 2465 quidem
680 2392 815 2448 incesset
835 2385 930 2446 Deus.

117 2473 283 2532 Inhonesta
301 2493 374 2532 vero
396 2476 472 2533 haec
494 2484 524 2532 et
544 2477 598 2534 tibi
622 2483 653 2533 et
674 2468 734 2533 tuis
757 2480 853 2529 erunt.

118 2557 181 2618 Sed
200 2567 375 2617 revereatur
396 2568 426 2617 te
448 2560 554 2636 patris,
575 2579 664 2635 quem
686 2561 718 2615 in
741 2557 823 2614 exita

117 2645 228 2702 Aetate
252 2644 381 2718 linquisz
402 2646 455 2703 sed
479 2645 519 2704 sit
537 2652 568 2702 et
588 2644 708 2720 quidem
730 2642 829 2719 pudor
916 2699 919 2704 ,
976 2704 981 2718 Ι

118 2728 261 2787 Parentis
283 2729 372 2787 annis
394 2730 522 2802 obsitae,
545 2749 623 2805 qnae
646 2728 769 2805 saepius

117 2813 230 2871 Redire
252 2820 281 2870 te
305 2821 390 2889 optat
407 2815 509 2873 vivum
531 2824 560 2872 et
580 2814 765 2872 incolumem
785 2811 916 2869 domum.

118 2898 264 2956 Miserere
287 2900 369 2975 gnati
391 2900 528 2976 parvoli:
553 2900 700 2976 siquidem
723 2898 789 2955 cibo

119 2980 234 3042 Caesus
255 2984 378 3042 novello
398 2992 428 3042 te
449 2985 515 3043 sine
538 2992 668 3043 aetatem
692 2983 794 3059 exiget

117 3067 160 3126 Ut
181 3069 285 3140 orbus,
299 3076 336 3125 at
356 3089 419 3127 non
440 3088 537 3128 carus.
560 3071 598 3127 oh
620 3068 741 3145 quantis
763 3064 864 3136 malis,

119 3150 154 3212 si
172 3154 312 3225 moreris,
334 3153 431 3227 illum,
453 3173 561 3230 meque
583 3163 755 3230 compotem
778 3150 871 3208 facist

119 3237 164 3295 Te
185 3246 305 3314 praeter
329 3239 411 3297 aliud
428 3241 575 3316 praesidii
593 3239 636 3297 nil
658 3239 805 3313 reliquum

117 3322 226 3381 Video.
245 3331 298 3381 tue
319 3343 388 3382 nam
411 3325 511 3401 patria
533 3325 634 3382 deleta
656 3332 703 3384 est
724 3340 826 3393 mann,

35 3420 41 3433 ·
119 3405 334 3483 Genitrixque:
355 3411 472 3487 genitor
495 3410 606 3469 occidit
626 3410 687 3467 fato
707 3427 772 3480 sno,

117 3493 158 3551 Et
177 3492 341 3552 mortuales
360 3496 496 3553 incolunt
517 3494 589 3555 Orci
610 3495 725 3553 domus.

119 3575 216 3652 Quam
236 3597 352 3654 quaeso
374 3580 491 3640 dulcem
515 3598 686 3658 comparem
708 3575 835 3654 patriam
856 3573 933 3634 tibi?

765 3661 805 3723 20
