2560 4216
680 327 743 391 250

222 532 228 545 ·
255 491 306 558 ΙΔ.
334 488 392 555 Ἦν
411 513 454 559 τις
477 490 504 553 σ’
529 490 693 571 αἰνέσσειε,
718 494 754 558 σὺ
776 492 879 576 γίγνου
905 494 970 555 σεῖο
996 492 1152 575 δικαστίγς.

341 573 395 659 Μὴ
417 574 537 639 πίστευ’
564 574 671 648 ἄλλοις
688 579 757 662 περὶ
781 580 838 641 σοῦ
855 575 960 654 πλέον,
981 576 1022 659 ἠδ
1037 580 1170 661 σεαυτῷ.

257 655 308 723 ΙΕ.
344 657 406 742 Τὴν
431 659 607 744 εθεργεσίην
633 663 737 727 ἄλλων
759 663 802 727 ἐνὶ
822 661 945 724 πλείοσι
965 659 1105 743 θρύλλει.

333 742 392 808 Ἢν
414 744 449 807 δέ
471 768 499 807 τι
521 745 593 814 τοὺς
614 746 728 816 ἄλλους
747 746 781 811 εὖ
801 747 904 831 έρδης,
926 748 1022 808 κεῦθε
1045 748 1160 829 σιωπῇ.

257 825 300 898 lc.
342 827 451 891 Πολλὰ
461 827 561 914 γέρων
570 833 695 895 πολλῶν
709 829 902 916 μεμνημένος
917 827 992 914 ἔργα
1004 828 1170 911 λόγουςτε,

341 907 515 983 Ἐνδυκέως
539 914 676 1000 μέμνησο
699 918 794 1000 τάπερ
817 914 887 983 νέος
904 914 946 977 ὤν
962 912 1036 976 ποτ’
1051 912 1172 998 ἔοργας.

257 993 306 1059 ΙΖ.
339 994 403 1060 Τοῦ
423 998 561 1082 κρυφίως
578 1000 619 1082 μή
641 1024 690 1064 σοι
704 1000 824 1083 μελέτω
837 998 892 1062 τινὶ
907 1000 1169 1081 κοινολογοῦντος.

342 1080 407 1145 Πᾶν
430 1083 532 1166 ὑφοροῖ
546 1084 620 1147 κοίθ’
633 1086 757 1160 ἑαυτοῦ,
773 1084 807 1154 δς
818 1084 904 1168 αύτῷ
916 1085 1023 1167 φαῦλα
1038 1083 1170 1145 σύνοιδε.

258 1161 312 1227 lH.
340 1163 394 1228 Ἐν
413 1170 479 1235 ταῖς
498 1144 652 1253 εύτυχίαις
674 1169 711 1232 τά
734 1169 829 1253 τύχης
849 1166 1027 1313 ἑτερόρροπ
1053 1166 1158 1231 ἀλευε.

343 1246 423 1334 Οὐχὶ
444 1251 481 1313 τὰ
499 1252 612 1315 λοίσθά
626 1254 675 1317 ἀεὶ
697 1258 760 1322 τοῖς
780 1256 914 1338 πρώτοις
952 1251 997 1314 στί
1021 1251 1156 1336 συνῳδοί.

256 1329 308 1395 ΙΘ.
341 1330 414 1416 Ε’ίγε
438 1336 633 1418 μινυνθάδιος
653 1339 717 1422 βίος
739 1338 802 1401 ἐστὶ
824 1338 875 1400 καὶ
897 1336 1028 1404 ἀστατος
1048 1337 1150 1418 ἡμῶν,
1271 1396 1272 1423 γ

338 1413 391 1480 Ἐν
416 1417 502 1504 μόρῳ
523 1421 677 1506 ἀλλοτρίῳ
695 1424 748 1505 τὴν
763 1423 874 1486 ἐλπίδα
895 1424 952 1484 σού
968 1421 1008 1503 μὴ
1026 1420 1169 1502 ἀναρτᾷν.

256 1496 295 1563 K.
340 1497 383 1564 Εἴ
395 1524 423 1564 τι
446 1526 494 1565 σοι
515 1505 662 1575 ἀκτέανος
685 1508 774 1592 φιλος
796 1506 920 1574 εὐτελὲς
935 1505 1044 1568 ὤπασε
1058 1505 1169 1588 δῶρον,

341 1585 496 1671 Δέχνυσαι
511 1589 736 1673 εὐμενέως,καὶ
749 1592 909 1655 ἐπαίνεσον
925 1588 1054 1673 εὔφρονι
1067 1588 1169 1671 θυμῷ.

259 1665 328 1731 ΚΑ.
341 1666 384 1733 Εί
401 1695 434 1734 σε
455 1678 588 1738 τεκοῦσα
605 1674 942 1823 φύσιςγυμνδνχθρέφος
952 1672 1009 1757 ἦγε
1023 1672 1112 1757 φόως
1126 1673 1142 1734 δ

343 1752 405 1838 Τῆς
428 1757 646 1863 ἀχρημοσύνης
669 1760 768 1845 ἄχθος
791 1784 813 1846 φ
834 1783 868 1844 ρε
888 1757 1140 1842 καρτεροθύμως.

256 1831 324 1899 ΚΒ.
339 1837 392 1923 Μὴ
413 1864 543 1926 τρεσσης
564 1845 618 1927 τὴν
638 1850 718 1929 κῖηρα
733 1845 801 1929 βίου
815 1845 911 1927 πέρας
921 1841 1051 1927 ἔσχατον
1064 1840 1169 1903 οὖσαν.

333 1919 440 1993 Ὅστις
461 1931 542 2009 κῆρα
563 1928 694 2005 δέδοικε,
719 1931 769 1992 καὶ
791 1929 807 1993 δ
830 1933 870 2013 ζγῖ
890 1926 1169 2011 τοῦτ’ἀποβοίλλει.

257 2001 321 2068 ΚΓ.
341 2004 384 2070 Εί
401 2031 428 2070 τι
448 2010 558 2074 παθὼν
579 2013 640 2075 ἀπὸ
663 2018 717 2077 σεῖ
740 2013 858 2096 ἀγαθόν
871 2036 914 2081 τις
931 2013 971 2096 μὴ
985 2012 1075 2096 χάριν
1095 2009 1170 2084 οἶδε,

343 2089 396 2175 Μὴ
418 2094 528 2156 τούτου
555 2095 690 2182 μέμφοιο
715 2098 800 2171 θεὸν,
824 2099 858 2161 σὲ
878 2099 913 2161 δὲ
935 2102 1016 2160 τῖσον
1041 2093 1162 2157 ἑαυτόν.

257 2170 323 2235 ΚΛ.
338 2171 442 2261 Ὄφρα
454 2179 495 2261 μὴ
508 2179 634 2264 ἐλλείπη
647 2182 677 2244 τί
687 2184 875 2268 σε,χρήμασι
889 2179 1083 2266 φειδομένως
1094 2181 1170 2263 χρῶ,

341 2256 386 2322 X'
410 2265 452 2330 ὡς
467 2270 563 2348 τηρῇς
583 2265 620 2327 τὰ
643 2266 761 2341 ἐνόντα,
786 2269 883 2330 λιπεῖν
908 2266 960 2329 ἀεί
978 2263 1148 2346 τινόμιίε.

256 2338 324 2406 ΚΕ.
335 2339 422 2409 ’Όττι
435 2346 509 2432 δίνη
525 2351 908 2458 παραχρῆμαδόμεν,τόδε
917 2352 957 2434 μὴ
966 2351 1011 2418 δὶς
1020 2349 1170 2432 ὑπόσχου,

342 2427 394 2514 Μὴ
417 2431 579 2504 κενόδοξος
601 2458 656 2519 εγγς
677 2434 796 2499 ἐθέλων
816 2435 977 2520 φιλότιμος
999 2432 1134 2496 ἀκούειν.
1272 2426 1273 2445 ’

257 2508 316 2581 Kc·
341 2510 402 2578 Τόν
418 2540 466 2580 σοι
477 2519 598 2582 πλαστὰ
606 2522 760 2584 λαλοῦντα
773 2522 824 2583 καί
837 2520 874 2583 ού
890 2541 937 2582 σοι
947 2517 1169 2602 κηρόθιπιστδν
1272 2546 1273 2549 “

337 2596 474 2683 Ἔμποιλι
488 2609 582 2687 μιμού
596 2606 647 2666 καὶ
657 2605 704 2667 σύ.
724 2605 807 2689 δόλῳ
824 2604 917 2672 δόλος
928 2605 991 2667 ὦδε
1005 2607 1170 2685 κρατεῖται.

257 2676 322 2743 ΚΖ.
341 2681 472 2769 Ἀνέρας
493 2688 654 2770 αἱμυλίους
670 2691 722 2752 καί
743 2688 974 2774 χρηστολόγους
987 2687 1028 2770 μὴ
1044 2687 1170 2749 ἐπαίνει.

340 2765 381 2829 ‘H
403 2768 504 2853 σύριγξ
526 2773 592 2853 λιγὺ
617 2772 737 2855 μέλπει,
759 2772 895 2843 ὅτ’ίξεθς
917 2772 1011 2856 ὄρνεα
1033 2770 1149 2853 θέλγει.

256 2844 325 2912 ΚΗ.
334 2848 390 2914 Ἦν
415 2857 580 2924 σοιπαῖδες
596 2856 681 2934 ἔωσι,
688 2861 739 2922 καὶ
752 2858 808 2922 οὐκ
824 2857 949 2943 ἄφενος,
964 2857 999 2920 σὺ
1017 2857 1052 2919 δὲ
1064 2856 1170 2924 τοόςδε

341 2934 516 3017 Παιδεύειν,
539 2940 578 3002 ἵν’
600 2940 713 3027 ἔχωσιν
737 2939 883 3027 ἀκλήρων
906 2942 990 3025 ἦμαρ
1014 2941 1169 3004 ἀλαλκεῖν.

256 3015 323 3081 ΚΘ.
344 3017 495 3094 Τοθτελὲς
517 3023 647 3108 ἔντιμον,
670 3030 704 3091 τὸ
726 3029 761 3090 δὲ
785 3028 881 3111 τίμιον
906 3025 1029 3094 εὐτελὲς
1050 3027 1139 3107 ἡγοῦ.

342 3103 451 3178 Οὕτως
472 3110 508 3177 οὐ
530 3112 652 3194 φαίνοιο
676 3112 872 3196 φιλάργυρος,
894 3111 969 3174 οὐδὲ
990 3110 1026 3172 σθ
1041 3110 1150 3194 κίμβιξ.

255 3187 290 3249 Λ.
337 3187 390 3276 Μη
418 3192 504 3276 ρέΕον
525 3197 553 3257 τί
580 3194 659 3257 σέων
684 3195 858 3278 εἰθισμένος
880 3196 946 3258 ἐσσὶ
967 3195 1111 3266 κακίζειν.

341 3278 477 3361 Αίσχρδν
487 3280 630 3364 ὑφηγητῇ
645 3279 671 3341 δ’
684 3280 729 3343 ὅτ’
745 3280 905 3365 ἐλέγχεται
914 3279 1006 3347 αὐτὸς
1016 3279 1169 3362 ἁμαρτών.

255 3355 320 3419 ΛΑ.
338 3359 471 3444 Αίτησαι
489 3365 522 3426 τὸ
548 3364 664 3426 δίκαιον
690 3364 753 3441 ἐὸν,
775 3364 809 3428 τό
831 3387 864 3427 τε
885 3361 974 3448 καλῷ
998 3361 1109 3431 ἐοικός.

339 3444 468 3516 Αίτίίειν
493 3446 525 3508 δ’
543 3447 674 3528 ἀμαθὲς,
699 3448 733 3512 τό
754 3448 969 3532 τ’ἀνήνασθαι
980 3446 1070 3530 θέμις
1080 3446 1168 3509 ἐστίν.

255 3526 320 3592 ΛΒ.
339 3526 391 3612 Μὴ
415 3536 552 3612 γνωστοῦ
581 3531 702 3613 ἀγνῶτα
723 3534 975 3617 προτιμήσασθαι
992 3532 1128 3616 ἑταίρου.
