2586 4214
523 334 676 430 *ao-⁷—

141 488 292 568 Ventique
314 511 423 554 secura
443 497 552 560 lascivi

140 573 296 636 Iniurioso
318 580 426 640 miscet
449 582 493 640 di·

141 667 202 718 ·cta
223 663 381 724 cachinno.
404 669 446 730 At
467 668 572 728 dolore
601 690 659 750 ego
682 677 828 755 configar.

455 834 553 898 Actus
577 840 746 905 Secundus.

510 923 683 988 Tecmessa.

139 993 223 1055 Socii
244 998 360 1074 Aiacis,
385 1002 516 1064 classica
533 1010 641 1084 pubes,

137 1078 252 1139 Nobile
271 1084 367 1160 prisci
388 1107 511 1165 germen
532 1094 704 1172 Erechthei,

138 1162 267 1237 Quantis
283 1179 387 1229 versat
402 1173 541 1238 fluctibus
564 1180 657 1240 animi

137 1248 348 1315 Telamoniaci
367 1277 425 1317 nos
448 1278 519 1320 cura
542 1263 624 1324 laris.

134 1333 183 1392 En
201 1336 285 1398 ferus
306 1340 397 1417 Aiax,
419 1354 544 1420 pectore
564 1351 668 1427 crudo,

135 1417 292 1495 Perditus‚
313 1443 405 1503 aeger

133 1505 232 1564 Aestu
252 1509 406 1568 conflictat
428 1513 543 1590 iniquo.

134 1587 190 1647 ch.
229 1589 320 1665 Quod
338 1599 502 1671 praeterita
519 1610 610 1664 nocte
630 1606 761 1681 quietem

133 1674 262 1735 Mutavit
286 1698 375 1754 onus,

131 1757 213 1817 Filia
234 1761 361 1842 Phrygii
379 1765 590 1829 Teleutantis?

131 1841 209 1902 Dic:
230 1866 301 1905 nam
321 1868 439 1908 servam
460 1860 490 1910 te
509 1853 592 1915 ferus
611 1860 692 1918 Aiax

133 1925 226 1988 Sooia
247 1931 320 1990 lecti
339 1943 427 2011 parte
446 1940 570 2014 recepit,

132 2011 176 2071 Ut
193 2021 225 2074 te
244 2019 364 2077 nescire
384 2021 472 2082 nefas
491 2024 546 2083 sit.

131 2096 204 2156 Teo.
246 2102 350 2162 Ardua
370 2105 449 2165 dictu
474 2109 554 2168 dicta
575 2115 727 2190 profabor.

129 2180 200 2240 Leti
221 2185 348 2246 similem
370 2193 507 2251 morbum
529 2199 639 2258 audite.

128 2267 250 2329 Efferus
272 2272 338 2345 iris,
362 2277 514 2353 animique
534 2302 627 2361 vagus

129 2352 291 2413 Infandum
313 2359 394 2417 Aiax
418 2382 511 2424 ausus
533 2368 565 2424 in
586 2371 692 2429 umbra
715 2383 776 2433 est:

132 2437 223 2496 Talia
242 2441 302 2499 iam
320 2443 393 2503 licet
412 2447 493 2508 intus
515 2469 638 2511 cernere

130 2521 257 2583 Patrata
276 2545 368 2586 manu
389 2550 476 2590 sacra
497 2546 632 2609 cruenta,

128 2607 260 2668 Pulchra
281 2613 338 2670 viri
358 2624 446 2692 gesta
465 2619 604 2681 furentis.

466 2702 593 2782 Stropbe
618 2709 698 2769 XII.

129 2775 185 2836 Oh.
230 2779 308 2837 Mira
329 2783 457 2860 indicas,
477 2790 552 2848 mira
570 2795 648 2852 torvi

125 2862 222 2921 Facta
239 2865 337 2926 refers
359 2869 502 2947 hominis,

125 2948 245 3024 Iniqua,
266 2951 499 3029 inexplicandat

128 3033 215 3108 Quae
237 3054 382 3112 proceres
403 3040 503 3102 Danai

125 3117 206 3177 Male
227 3120 417 3200 famigerant‚

125 3200 270 3280 Quaeque
288 3227 400 3283 procax
419 3232 522 3272 rumor
542 3218 672 3276 acerbat.

123 3286 204 3347 Hem
227 3309 315 3366 quem
339 3296 451 3356 exitum
475 3317 525 3358 res
547 3301 687 3361 habitura
706 3304 773 3364 est?

124 3372 228 3434 Habet
249 3376 317 3436 hoo.
337 3379 441 3441 furore

124 3456 191 3518 Sibi
212 3460 272 3521 iam
292 3463 400 3526 afferat
419 3468 473 3526 ille

123 3544 247 3607 Manus:
271 3549 384 3629 quippe
404 3555 457 3630 qui
478 3563 524 3615 tot
