2532 4216
490 358 641 456 „gc-

101 520 181 602 Quid
204 528 319 587 turbo?
342 548 418 604 quae
441 531 609 594 aestuantis
632 550 705 590 aura
728 532 868 592 fortunae

102 613 150 673 Te
174 623 271 672 mutat
294 613 396 687 eliam,
415 616 522 694 quisve
544 633 634 676 casus
658 616 787 693 affligit?

102 697 192 772 Quae
215 700 325 772 tristis,
344 718 452 776 expes,
475 718 567 760 cassa
587 701 676 774 lucis,
700 710 808 775 atrata,

103 782 296 859 Squallentis
322 785 460 844 obsoleta
480 787 622 845 sordibus
644 786 742 845 luctus

102 871 237 942 Moeres,
257 878 291 927 ut
310 870 395 940 orba,
414 888 491 944 quac
513 871 566 928 flet
585 870 704 929 unicum
726 872 841 930 meteri

64 1030 67 1033 1
102 954 227 1032 Regina
246 963 291 1012 tot
312 973 425 1026 rerum,
449 964 478 1012 et
498 963 546 1013 tot
563 956 681 1014 urbium
695 958 848 1032 princeps,

103 1039 167 1099 Ubi
188 1047 310 1097 tuorum
332 1047 380 1098 est
401 1039 455 1096 lux
475 1048 595 1098 vetusta
616 1049 813 1117 sceptrorum,

103 1126 146 1182 Et
165 1144 259 1183 aureo
284 1123 448 1200 splendore
470 1125 546 1183 fulta
569 1126 737 1185 maiestas?

104 1208 246 1283 Totoque
271 1209 368 1267 maior
390 1211 474 1281 orbe,
498 1231 554 1287 par
576 1211 651 1287 polo
672 1211 793 1271 fastus?

104 1294 216 1368 Illique
238 1295 342 1372 magni
362 1294 475 1370 gloriae
496 1305 566 1353 tuae
586 1297 709 1355 fasces?

104 1379 166 1439 Ubi
189 1377 324 1450 Quirites
345 1380 402 1436 heu
421 1380 476 1440 tui.
500 1381 544 1438 tui
566 1382 660 1452 cives,

104 1463 237 1522 Delecta
258 1465 368 1541 pubes,
390 1464 535 1524 flosculus
558 1465 742 1524 iuventutis?

103 1549 167 1608 Ubi
190 1548 264 1606 Divi
287 1549 593 1628 alumniPrincipes,
614 1551 699 1609 Iovis
719 1570 835 1623 semen,

103 1634 258 1692 Proceres
283 1634 374 1706 beati,
397 1635 529 1693 debitum
552 1654 648 1712 genus
668 1636 766 1707 caelo,

103 1718 236 1778 Fulmen
261 1718 364 1790 duelli,
385 1726 484 1777 terror
506 1721 619 1778 Adriae
641 1721 754 1797 magni,

105 1805 211 1881 Opum
229 1804 413 1863 hosticarum
434 1805 573 1863 martiale
591 1812 786 1876 tormentum,

105 1888 219 1947 Tutela
241 1890 371 1966 patriae,
395 1909 466 1965 spes
492 1890 659 1949 labantium
682 1909 793 1961 rerum,

104 1975 198 2033 Pacis
223 1975 385 2049 sequestri,
405 1975 579 2050 civibusque
596 1975 708 2047 devoti,

107 2059 267 2136 Scaligera
289 2060 422 2132 soboles,
445 2061 497 2134 qui
517 2060 684 2119 Feretrium
709 2059 801 2117 tantis

106 2144 170 2202 Tot
191 2144 265 2203 olim
289 2144 411 2220 opimis,
433 2153 534 2220 teque,
555 2146 636 2203 Diva
657 2144 845 2205 mactarunt?

108 2228 203 2302 Queis
222 2236 267 2286 tot
285 2231 464 2306 triumphos,
480 2239 522 2288 tot
541 2232 701 2307 trophaea,
720 2238 766 2288 tot
785 2229 905 2296 laurue3

107 2314 201 2386 Queis
227 2314 341 2390 sceptri
361 2315 503 2388 honorae,
525 2324 615 2390 atque
633 2334 742 2373 nomen
766 2316 922 2390 Augustae

106 2402 244 2473 Accepta
264 2398 368 2471 debes,
394 2418 530 2475 quaeque
556 2400 636 2459 mole
661 2398 784 2458 sublimi

106 2484 226 2542 Educta
246 2484 407 2543 Mausolea
426 2493 590 2561 provocant
610 2483 750 2542 coelum?

106 2569 191 2627 Proh
216 2577 331 2627 sortem
353 2571 507 2628 acerbaml
532 2570 608 2644 proh
634 2568 795 2626 volubilem
817 2568 938 2625 casum!

109 2654 232 2726 Quanta
251 2673 267 2711 e
289 2673 429 2731 supremo
450 2655 579 2713 culmine
602 2663 632 2712 et
650 2661 731 2713 stetu
753 2671 852 2710 rerum
953 2725 955 2728 y

109 2737 232 2811 Quanta
254 2740 409 2798 excidisti!
432 2760 494 2798 non
517 2741 572 2799 tibi
593 2740 689 2798 obfuit
711 2747 838 2811 tantum,

107 2822 189 2899 (Nec
208 2842 302 2900 posse
323 2825 459 2901 credam)
482 2833 576 2883 nauta
593 2825 709 2902 lapidis
729 2825 825 2899 ripae,
853 2821 1023 2898 [Icppdt'el]

108 2908 262 2980 Quantum
285 2928 357 2983 una,
383 2909 476 2969 sudos
501 2930 578 2985 quae
604 2910 658 2968 tibi
681 2910 757 2981 dies,
781 2925 918 2986 quaeque
945 2952 947 2955 v

106 2994 246 3052 Fortuna
267 3002 514 3071 praeterpropter
533 2995 649 3075 inridet
667 2994 774 3053 lucem.

151 3081 209 3137 Ast
232 3099 251 3137 o
274 3088 403 3138 venusta
423 3088 530 3150 mater,
553 3098 703 3157 operans
726 3078 820 3138 salve.

108 3163 138 3223 Ο
162 3183 231 3221 mee
253 3164 384 3222 creatrix
391 3186 400 3236 ;
422 3183 538 3239 vosque
561 3165 619 3223 rite
640 3164 808 3222 maiorum.

108 3247 234 3307 Salvete
256 3268 374 3310 manes.
396 3249 454 3306 Ille
475 3268 532 3325 ego
556 3269 650 3327 nepos
675 3257 786 3318 vester,

106 3333 179 3391 Pila
199 3341 292 3410 atque
313 3335 412 3408 lusus,
432 3334 638 3408 ludicrumque
657 3334 813 3393 fortunae:

108 3416 243 3477 Currens
266 3420 402 3496 parentis
424 3419 493 3476 exul
515 3419 613 3478 exulis
633 3437 777 3477 cursum:-

107 3502 171 3561 Pro
191 3504 270 3562 farre
291 3504 385 3577 salso,
404 3522 516 3580 proque
539 3503 650 3562 adoreo
672 3503 745 3575 libo,

108 3587 174 3646 Pro
195 3596 272 3663 ture,
296 3608 412 3667 proque
433 3589 540 3649 februo
562 3587 724 3666 parentali,
