2502 4218
511 324 548 384 91

83 489 147 550 Non
169 493 246 552 bene
268 494 306 552 de
328 493 409 552 vitae
428 495 561 568 queritur
581 497 728 554 brevitate
750 496 892 570 caducae,
1000 510 1002 515 ’

83 573 134 649 Qui
152 579 230 636 bene
251 578 394 651 confecit,
416 581 532 655 patriae
553 599 630 655 quos
650 580 753 639 debuit
773 600 881 641 annos.

82 659 142 720 Noa
165 665 316 735 meritum,
339 683 400 723 non
424 666 511 738 ordo,
533 674 631 724 vocat.
659 665 835 725 Iustissima
857 669 963 728 mortis

83 743 194 806 Caussa
216 756 273 820 est,
297 748 398 811 efferri
415 752 515 809 famae
537 769 659 809 rumore
681 750 826 809 seeundo.

81 830 223 906 Viximus,
248 841 278 893 et
300 842 408 893 nostro
432 836 529 914 surgit
552 836 589 893 de
610 836 716 893 funere
736 854 858 893 nomen.

82 915 124 973 Tu
135 936 262 993 quoque,
279 937 351 977 cara
364 919 494 994 Paneas,
512 920 634 979 tumidis
653 920 714 981 iam
736 938 828 996 parce
842 919 985 995 querelis.
1060 921 1062 927 '

7 1026 8 1035 ¹
81 999 229 1061 Debemus
252 1006 368 1077 morbo,
392 1006 475 1081 quod
497 1024 606 1064 caecae
627 1004 821 1063 incommoda
842 1004 934 1077 vitae,

82 1084 163 1158 Quod
182 1088 293 1147 dubios
313 1107 403 1150 casus
425 1091 569 1169 fugimus,
594 1090 677 1165 qnod
695 1089 812 1148 lubrica
832 1109 941 1148 rerum.

81 1169 142 1229 Nec
162 1192 244 1231 nunc
268 1174 399 1250 primum
421 1196 440 1235 a
460 1196 509 1236 me
529 1194 642 1235 nomen
662 1174 718 1233 tibi
738 1175 861 1253 contigit
883 1176 986 1234 orbae.

83 1256 157 1330 Quot
176 1259 320 1336 gravibus
342 1260 422 1320 curis
443 1261 592 1332 dedimus,
623 1260 790 1334 studiisque
810 1260 968 1319 Minervae
1050 1326 1053 1331 ¹

83 1339 137 1400 Tot
160 1345 215 1402 tibi
239 1343 396 1420 deperiere
417 1346 494 1405 dies.
519 1345 602 1404 Dum
624 1345 767 1418 viximus,
790 1348 864 1405 orba
951 1388 954 1393 »

82 1427 169 1486 Mater
193 1448 274 1487 eras.
296 1428 364 1491 Nec
386 1450 466 1490 nunc
487 1432 632 1506 rapimur,
653 1430 708 1489 sed
727 1430 893 1507 poscimur,
904 1432 986 1490 olim.

82 1509 158 1569 Idem
173 1533 223 1572 me
245 1516 366 1590 repetit,
387 1518 438 1591 qui
458 1536 507 1574 me
529 1515 584 1576 tibi
603 1515 726 1574 tradidit
747 1524 826 1575 ante.

83 1593 161 1670 Vive,
182 1599 261 1657 vale.
283 1609 424 1660 aeternus
447 1602 548 1678 signat
568 1601 643 1658 mihi
662 1600 777 1657 lumina
800 1620 935 1661 somnus.

84 1680 168 1740 Talia
182 1686 255 1742 dum
277 1694 395 1761 perstat
416 1704 601 1757 memorans,
625 1691 655 1742 et
675 1683 792 1758 utrique
813 1687 930 1761 parenti

82 1766 214 1846 Morigeri
239 1769 387 1828 alternum
408 1772 473 1829 nati
495 1771 621 1846 partitur
640 1787 785 1840 amorem,

82 1848 166 1910 Plura
186 1856 327 1914 locuturo
348 1857 483 1915 tenebris
508 1856 646 1913 velantur
667 1854 784 1913 obortis

83 1933 246 1998 Haerentes
271 1940 365 1999 oculi:
386 1961 447 2001 vox
470 1941 647 2016 imperfecta
665 1938 787 2013 reliquit

82 2022 206 2084 Affectus
226 2024 333 2084 dulces
352 2033 383 2083 et
404 2028 497 2085 verba
518 2026 659 2085 vocantia
678 2032 815 2082 matrem.

84 2105 161 2180 Quae
182 2111 244 2168 fuit
264 2109 346 2169 illius
367 2110 508 2170 funestae
530 2111 629 2170 noctis
653 2109 762 2186 imago,

83 2190 144 2266 Qua
163 2193 215 2255 Sol
237 2193 402 2272 Belgarum
422 2197 608 2273 pallentibus
630 2188 738 2253 occidit
756 2193 881 2264 umbris,
950 2216 953 2221 ·

82 2274 192 2337 Excivit
214 2279 371 2354 lacrimas,
393 2282 572 2358 permiscuit
595 2279 698 2339 omnia
717 2277 820 2335 luctu?

83 2357 250 2423 Uniearnec
272 2371 389 2425 tuntum
411 2367 527 2424 vultum
552 2367 660 2423 domus
682 2362 780 2423 induit
800 2377 903 2432 unum,

83 2443 176 2507 Induit
197 2459 227 2508 et
250 2458 334 2510 totus
354 2450 494 2528 lugubria
516 2449 672 2525 squalidus
693 2447 786 2506 orbis.

82 2528 116 2587 Et
137 2534 204 2609 quia
225 2555 291 2594 non
310 2536 410 2595 incisa
429 2543 530 2614 potest
551 2534 711 2603 adamante
725 2549 839 2610 ¹severo

82 2611 184 2676 Ferrea
202 2620 359 2679 lanificam
381 2630 554 2697 pervertere
576 2619 644 2677 iura
666 2615 828 2701 Sororum:

82 2698 175 2765 Edens
194 2705 336 2764 indomiti
357 2707 445 2784 signa
466 2706 547 2764 haud
568 2706 699 2763 obscura
719 2701 848 2777 doloris,

83 2784 278 2866 Testatusque
299 2800 392 2863 tuam,
413 2792 555 2850 iuvenum
575 2789 764 2860 doctissime,
786 2797 909 2848 mortem

81 2867 226 2949 Explicuit
251 2875 352 2935 claros
375 2877 526 2935 elementa
547 2895 603 2952 per
625 2874 729 2933 omnia
750 2883 886 2948 questus.

82 2953 121 3013 Te
140 2958 218 3018 Reni
242 2961 370 3038 patulae
393 2962 536 3019 viridanti
556 2960 692 3036 margine
713 2959 809 3033 ripae,

82 3037 121 3098 Te
139 3043 255 3122 Belgae
279 3046 392 3104 flevere
413 3047 508 3105 lacus.
532 3053 562 3104 te
582 3045 670 3103 dulce
692 3044 827 3118 Lyceum

80 3121 215 3204 Lugduni
233 3130 324 3189 viridi
345 3131 515 3190 studiorum
537 3135 697 3189 stemmate
722 3137 887 3205 comptum.

82 3207 185 3272 Omnia
203 3215 329 3274 luctifici
350 3216 424 3275 dant
445 3223 622 3293 argumenta
645 3211 762 3270 doloris

82 3291 240 3358 coniurata
261 3301 321 3360 tuis
345 3301 465 3359 iunctas
488 3301 624 3359 conferre
640 3296 781 3373 querelas

80 3376 233 3458 exequiis,
256 3386 428 3460 iunctisque
450 3385 605 3444 lacessere
625 3381 798 3459 planctibus
825 3398 926 3438 auras.

80 3460 180 3526 Invida
203 3489 302 3543 mors,
321 3471 400 3547 rapti
422 3471 626 3547 probrumque
650 3486 686 3525 ao
708 3465 820 3523 crimen
843 3464 967 3541 ephebi:

82 3544 225 3622 Quantum
233 3564 310 3628 erat,
319 3564 353 3614 ut
359 3574 490 3615 nascens
503 3556 621 3615 sineres
629 3553 688 3613 boc
701 3568 836 3609 crescere
848 3549 992 3627 germen?
