2532 4216
659 382 664 403 ι
695 349 738 408 dd

642 434 793 443 ——-

261 516 414 576 Procedit.
435 517 497 574 ism
518 524 625 577 cuncte
646 517 706 577 sibi
724 516 862 575 cedentis
883 516 964 584 vetis

262 602 393 660 Metitur.
414 620 493 676 qnae
509 602 638 676 quisque
657 601 747 660 avida
767 621 821 677 spe
843 601 966 658 deuoret
982 602 1087 673 urbes,
1149 679 1151 682 Α

262 685 322 746 His
346 687 457 745 servile
478 687 581 764 iugum
603 688 765 758 intentant,
793 685 966 743 hisvinclu
987 686 1156 744 minantur:

264 772 423 831 Omnibus
435 771 571 829 exitium.
594 771 661 830 Nec
681 792 741 830 nun
760 770 918 847 poscentia
938 789 1074 847 pugnam

262 857 399 934 Agmine
417 855 596 928 Castanidss
620 857 708 916 dictis
733 855 886 915 accendit:
908 855 1019 916 adesse

262 941 397 1018 Tempus
418 943 471 1015 ait,
495 961 555 1016 qno
576 942 659 1000 felici
680 941 804 1001 victoris
822 940 909 998 lauru
1004 984 1010 1000 2

262 1026 402 1087 Pictonio
422 1027 570 1103 requiem,
589 1028 683 1086 decus
704 1026 781 1101 ipsis
805 1024 932 1085 sanciat.
955 1025 1023 1098 Eia,

262 1111 431 1184 Poscimur,
454 1131 492 1170 en
514 1114 649 1187 Mavors:
669 1131 706 1169 en
719 1113 864 1180 ,ldavom3
882 1111 1048 1186 poscimur,
1070 1110 1177 1187 inquit

263 1195 359 1274 Signa
380 1204 514 1269 movent,
536 1198 707 1271 strictisque
727 1204 842 1253 acuunt
861 1195 1053 1275 mucronibus
1072 1197 1146 1255 iras.

263 1280 348 1354 Quae
370 1281 428 1339 fuit
448 1282 504 1339 illa
528 1282 610 1340 diest
634 1301 723 1356 quum
746 1280 850 1338 multa
862 1280 955 1338 caede
976 1281 1092 1355 piatum

262 1366 303 1424 Et
322 1384 425 1424 carcer
444 1367 541 1442 patris
566 1377 624 1439 est,
645 1375 676 1424 et
696 1367 760 1424 nati
779 1366 870 1424 funus
891 1366 1048 1423 acerbum!
1092 1414 1094 1419 .

263 1450 324 1508 Hic
343 1469 441 1524 neque
465 1470 536 1508 cura
558 1452 639 1509 subit
652 1458 808 1526 quaestus,
823 1469 921 1524 neque
938 1466 1064 1526 parcere
1077 1450 1176 1523 victis,

262 1534 330 1594 Nec
350 1535 485 1610 precium
507 1536 602 1611 captis
623 1536 787 1614 imponere.
812 1533 956 1610 Corpora,
975 1554 1054 1609 quae
1075 1556 1136 1594 non

263 1620 359 1695 Optat
381 1622 524 1679 avarities
545 1622 643 1693 lucro,
664 1622 745 1698 rapit
768 1619 844 1679 ultio
866 1620 962 1677 caedi.
986 1638 989 1647 ⁴

219 1776 223 1784 ⁴
263 1705 425 1764 Vindictae
447 1714 612 1784 genstota
633 1707 729 1781 datur.
752 1705 833 1764 Nam
854 1713 975 1762 caetera
990 1707 1093 1780 pubes

263 1789 313 1849 Ne
333 1799 449 1868 pereat,
470 1793 558 1868 perit,
570 1800 611 1849 -et
630 1793 751 1868 patulas
774 1810 808 1852 se
828 1790 919 1849 mittit
939 1790 971 1847 in
992 1791 1101 1850 undas.
1137 1832 1141 1835 Δ

263 1877 363 1950 Atque
388 1876 498 1951 aliquis
518 1896 619 1953 prono
643 1877 833 1935 descendens
855 1894 943 1933 amne
963 1874 1062 1934 viatur

263 1961 386 2019 Funera
406 1961 597 2018 dinumerare
620 1961 706 2020 velit:
727 1962 782 2019 sed
803 1961 897 2037 longa
917 1967 1076 2018 natantum

265 2045 400 2105 Obsistit
422 2046 533 2104 series:
552 2065 696 2107 numerus
718 2056 789 2104 cum
807 2045 930 2103 flumine
951 2046 1071 2118 crescit,

266 2129 342 2187 Cum
363 2149 488 2189 numero
507 2130 621 2188 Paean.
639 2130 745 2208 Ligeri
764 2131 823 2202 dic,
846 2149 956 2207 magne
978 2130 1131 2208 Vigenna,

257 2213 334 2286 -Dic,
358 2214 461 2291 Liger,
485 2215 623 2287 Oceano,
645 2216 760 2274 victrici
782 2216 890 2274 cedere
909 2223 1017 2272 cuncta
1053 2242 1056 2245 ¹

265 2298 462 2359 Castanidum
486 2300 626 2358 dextrae:
654 2301 763 2359 fluvios
787 2302 908 2360 servire·
922 2300 1094 2377 triumphis.

307 2383 380 2444 Non
399 2403 456 2462 ego
478 2394 585 2444 cuncta
605 2405 674 2445 meo
697 2386 855 2462 complecti
874 2385 1008 2443 carmine
1029 2387 1163 2462 possim,

265 2467 339 2539 Non
360 2470 479 2542 Martis,
493 2488 565 2531 ‘nou
588 2472 674 2547 pacis
698 2491 791 2548 opus:
815 2490 890 2547 quas
912 2471 1009 2528 Marte
1029 2472 1164 2531 rebelles

265 2553 396 2612 Disiecit
417 2565 535 2632 gentes,
556 2556 679 2632 placido
701 2575 776 2631 quas
799 2574 875 2633 pecc
897 2555 1012 2631 ligavit.
1068 2590 1072 2593 Δ

264 2639 341 2710 Ista,
363 2641 502 2700 Maronei
522 2661 600 2716 quus
622 2643 708 2701 afflat
730 2642 854 2717 spiritus
878 2642 983 2711 uestri,

265 2724 379 2783 Utilius
402 2727 480 2784 seris
503 2727 641 2786 miranda
659 2727 822 2803 nepotibus
845 2726 945 2783 edent
1017 2761 1021 2765 .

264 2807 334 2867 Nos
356 2811 488 2871 humiles
507 2813 637 2885 animae,
660 2812 727 2887 quis
747 2811 868 2869 solvere
890 2809 1068 2884 quaestibus
1088 2829 1142 2867 ora

265 2893 326 2951 Vix
348 2895 446 2969 detur,
467 2897 593 2956 inferias
616 2914 756 2973 magnae,
771 2915 849 2972 quus
860 2913 1037 2971 possumus,
1053 2897 1179 2954 umbrne

265 2978 424 3055 Libamus,
447 2990 553 3041 tenues
577 3000 732 3052 numeros,
757 2980 934 3056 defectaque
959 2981 1061 3051 verba,
1095 3039 1097 3043 .

265 3062 406 3142 Singultu
426 3068 543 3126 medias
563 3068 800 3141 interrumpente
823 3067 975 3142 querelas.
1051 3103 1052 3106 η

307 3151 430 3228 Ergone
453 3162 494 3224 te,
518 3153 565 3209 cui
587 3159 634 3210 tot
654 3151 772 3227 creperi
790 3151 970 3211 discrimina
987 3149 1095 3207 Martis

265 3233 443 3308 Cesserunt,
469 3237 563 3296 toties
589 3236 662 3294 belli
683 3236 806 3294 fortuna
825 3236 975 3313 pepercit,

264 3320 352 3379 Lecti
373 3322 467 3380 invita
488 3322 587 3396 quies,
608 3330 640 3378 et
659 3321 762 3398 segnis
779 3322 891 3389 inertia
911 3320 1011 3378 morbi

265 3407 422 3465 Abstulit?
441 3406 597 3464 occiduum
619 3407 757 3480 quamvis
781 3406 837 3465 tibi
857 3414 994 3481 vergeret
1016 3422 1138 3475 sevum,

265 3489 305 3548 Et
328 3500 465 3566 quartum
485 3499 534 3548 ter
554 3491 660 3565 quinta
680 3499 800 3569 urgeret
823 3490 984 3566 Olympias
1004 3508 1136 3547 annum

265 3572 378 3635 Sobria
401 3582 431 3633 te
452 3576 592 3635 iuvenem
613 3577 747 3635 faciebat
767 3578 836 3634 vita·
853 3574 958 3647 rideri,

1256 540 1257 569 l

1256 658 1257 687 l

1255 790 1257 821 l

1159 916 1167 932 .

1256 1950 1257 1987 l

1256 1990 1257 2017 1

1256 2030 1257 2067 l

1256 2074 1257 2099 t

1256 2108 1257 2133 t

1256 2182 1257 2207 t
