2560 4216
601 324 784 435 ,συ-

455 508 609 581 Ρεοοῖειὶο
629 506 757 568 Catonis
777 505 817 566 ad
836 504 957 566 Filium.

249 589 280 654 Φ
302 589 456 673 ασάμενος
475 590 637 659 πλείστους
660 590 846 673 ἀνθρώπων,
869 590 912 655 ὡς
932 587 1002 671 περὶ
1027 586 1165 670 θεσμοδς

246 672 255 694 ’
288 672 352 736 θῶν
373 675 550 750 πλάζονται,
573 674 775 758 προνοεῖσθαι
793 672 891 735 τῶνδε
912 673 1044 754 μάλιστα

245 756 347 828 Ἀζιον
371 759 524 843 ὠῖσάμην,
547 759 598 821 καὶ
620 760 756 842 λήματος
777 754 1006 840 ἀντιλαβέσθαι,

243 838 351 926 Ὀφρα
371 846 475 911 καλῶς
498 846 612 919 ζώωσι,
632 844 684 906 καὶ
704 841 829 908 εὐκλεὲς
850 838 942 925 εύχος
965 839 1111 923 ἄρωνται.

250 925 344 1011 Δεόρ’
369 925 425 1009 ἄγε
444 927 548 991 τέκνον
571 927 641 1010 ἐμοὶ
661 925 895 1012 κεχαρισμένον,
915 926 959 993 ὥς
980 948 1016 987 σε
1030 925 1144 995 διδάξω

248 1010 324 1080 Πῶς
342 1013 399 1088 δεῖ,
421 1013 607 1097 βυθμῖζοντα
626 1017 698 1074 τεοό
719 1013 789 1079 νυδς
806 1008 889 1094 ἤθεα
906 1013 1043 1093 κοσμεῖν.

250 1092 344 1166 Τάςδ’
368 1094 422 1161 οὖν
445 1097 582 1164 ἐντολῖας
601 1095 767 1179 ἀνάγνωθι,
783 1095 883 1178 γνῶθῖ
900 1092 930 1156 τ’
953 1094 1112 1176 ἀναγνούς.

240 1177 300 1244 Ὧν
321 1180 379 1265 γὰρ
404 1181 522 1264 ἀνέγνω
541 1181 594 1257 τῖς,
618 1180 659 1264 μὴ
681 1179 714 1243 δ’
739 1178 830 1263 ἔγνω,
852 1179 953 1264 πάγχυ
976 1178 1124 1262 κατέγνω.

250 1371 280 1411 ιι.
305 1345 369 1457 Καὶ
378 1349 416 1431 δὴ
428 1346 560 1456 άκροσογ
572 1348 661 1432 ἐμοῦ.
672 1347 744 1457 Θεγῖ
750 1346 858 1456 εύχοη.
868 1345 981 1453 Στέργρ
989 1350 1113 1430 τοκῆας.
1134 1348 1162 1431 β.

248 1456 277 1580 ἔξ
306 1429 1162 1602 {2320232‘3‘333‘51ffssssfsswssaffisstssssssssz0.{1

251 1606 277 1674 ζ.
304 1599 378 1670 Τοῖς
386 1601 515 1685 ἀγαθοῖς
528 1603 658 1685 ἀνδρῶν,
668 1604 719 1665 καὶ
730 1606 793 1670 τοῖς
805 1602 995 1685 φρονίμοισιν
1010 1601 1122 1684 ὁμίλει.

248 1710 280 1770 η.
304 1684 422 1770 Εἰςντὴν
438 1686 623 1773 συμβούλων
638 1685 743 1771 ἄγυριν
760 1687 800 1770 μὴ
823 1686 931 1770 άκλητλ
943 1684 1122 1769 παρελθεῖν.

248 1772 280 1834 θ.
305 1768 517 1855 Κοσμιότητος
532 1769 607 1857 ἔχου
628 1771 784 1855 καθαρῶς.
809 1769 1013 1838 Ἀσπαστικδς
1027 1769 1101 1832 ἴσθι.
1144 1793 1162 1832 ι.

250 1878 292 1919 ια.
303 1853 393 1925 ΕἶΕον
406 1856 636 1940 άρειοτέροισιν.
659 1854 900 1940 Ἀφαυροτέρων
912 1856 1079 1939 περῖδησο.
1126 1856 1162 1940 ιβ.

250 1962 289 2023 ιγ.
302 1936 452 2023 Κτήματα
467 1947 523 2003 σού
538 1946 650 2023 τηρεῖν.
667 1940 752 2002 Αἰδὼ
772 1940 822 2002 ἐπὶ
836 1943 910 2001 πᾶσι
927 1939 1102 2023 φυλάττειν.
1125 1941 1162 2002 ιδ.

251 2047 286 2087 ιε.
309 2019 464 2108 Τημελίην
480 2025 576 2087 ἄσκει.
599 2021 736 2109 Βιβλίων
752 2024 797 2087 ότι
808 2027 936 2087 πλεῖστα
951 2025 1090 2109 διέρχου.
1127 2047 1163 2094 ις.

251 2112 288 2180 ιζ.
307 2105 412 2171 Πάντα
429 2108 462 2170 δ’
478 2109 522 2171 ἐνὶ
532 2110 636 2192 μνήμη
649 2108 815 2190 ταμιεύειν,
830 2109 871 2171 ὧν
885 2132 936 2171 κεν
952 2110 1101 2193 ἀναγνῷς.

251 2215 292 2276 ιη.
306 2188 375 2254 Τῶν
392 2194 476 2256 ἰδίων
491 2198 644 2276 προνοεῖν.
662 2191 775 2276 [Ιρᾴως
792 2195 951 2256 πάντεσσιν
970 2195 1101 2276 ὁμιλεῖν.
1124 2192 1163 2255 ιθ.

249 2302 277 2340 κ.
307 2273 360 2359 Μὴ
379 2282 508 2362 νεμεοᾷν
523 2278 655 2360 ἀλόγως.
667 2280 829 2362 χλευάζειν
841 2279 973 2360 μηδενὸς
984 2277 1085 2362 ἔργον.
1116 2301 1163 2341 κα.

248 2386 267 2426 κ
289 2359 432 2444 .Χρῆσον
443 2363 497 2445 μὲν
513 2364 546 2426 τδ
558 2365 690 2437 δάνειον,
698 2361 760 2447 ότῳ
763 2364 894 2468 χρήσεις
903 2363 947 2437 δὲ,
960 2364 1096 2443 λογίζου.
1119 2385 1163 2444 κγ.

248 2471 267 2511 κ
287 2443 359 2514 ,Εἷς
372 2470 407 2530 γε
422 2448 506 2531 δίκην
521 2448 720 2532 πάριθι[.]τῷ
736 2449 848 2533 βηματι
864 2447 1032 2531 ἐμφάνισύν
1045 2469 1090 2510 σε.
1119 2470 1162 2510 κε.

249 2552 296 2602 κς.
306 2528 358 2613 Μὴ
374 2532 579 2602 πολύδειπνος
590 2531 674 2616 ἔμεν,
687 2532 728 2616 μὴ
744 2532 887 2616 συχνάκις
900 2532 1116 2602 εἰλαπινάζειν.

248 2620 294 2688 κζ.
304 2611 386 2679 Εύδε
399 2618 432 2679 τὸ
444 2617 552 2699 μέτρον
561 2624 627 2681 σοῦ.
644 2614 690 2681 Τὰ
703 2612 815 2700 ἔνορκα
829 2616 931 2678 δίκαια
941 2615 1086 2702 φύλαττε.
1115 2642 1162 2703 κη.

249 2696 459 2786 κθθίνόρλυζ
474 2702 638 2785 μὴγῖγνου.
653 2700 854 2783 Ἀμύνασθαι’
867 2701 936 2783 περὶ
951 2702 1079 2786 πάτρης.
1136 2704 1163 2765 λ

249 2788 298 2851 λα
306 2782 357 2869 Μὴ
365 2792 527 2869 προπετῶς
535 2784 904 2870 πίστευσον.Ἀελβουλὴν
916 2786 969 2854 δδς
979 2785 1092 2872 ἑαυτῷ.
1117 2786 1162 2933 λβ

249 2866 462 2955 λγ.Μαχλάδα
480 2869 595 2955 πόρνην
616 2874 721 2957 φεῦγε.
753 2869 1093 3016 Διδάσκουλχράμματα
1117 2874 1135 2933 λ

860 2976 901 3016 πο
942 2977 972 3017 α.

248 3036 355 3120 λε.Μὴ
374 3040 518 3123 γλώσσης
538 3038 667 3125 ψεύδοιο
709 3037 891 3122 αριζόμενος
910 3044 1071 3122 παρεοῦσι.

249 3118 381 3193 λς.Τοδς
392 3123 529 3207 ἀγαθούς
541 3124 576 3188 εὖ
591 3126 672 3209 ἕρδε.
684 3060 882 3269 λακηχορῖας
895 3123 1080 3208 ἀπέχεσθαι.
1120 3126 1163 3196 λζ

249 3203 343 3291 λη.Τδ
356 3207 471 3291 τρόπου
488 3209 647 3295 εὔσχημον
660 3212 696 3294 τή
719 3230 756 3271 ει.
808 3207 827 3270 ὰ
841 3208 945 3270 δίκαια
957 3209 1072 3280 δίκαζε.
1116 3207 1162 3271 λθ.

249 3317 281 3377 μ.
300 3288 456 3376 Καρτερίη
472 3294 582 3376 γονέας
598 3295 677 3358 νίκα.
701 3232 851 3376 θλέμνησο
869 3293 979 3355 παθὼν
993 3290 1039 3356 εδ.
1111 3312 1162 3377 μα.

249 3375 481 3463 μβ.Δοοτυχέας
494 3379 535 3462 μὴ
549 3383 681 3443 σκῶπτε.
697 3379 795 3443 Γενοῦ
809 3377 935 3445 σύννους
948 3398 980 3439 τε
996 3379 1048 3441 καὶ
1060 3378 1112 3463 ἑμ-

862 3484 959 3546 φρων.

249 3541 400 3628 μδ.Ἀμρ’
418 3543 530 3629 ἀρετὴν
543 3547 671 3631 τρόβοιο.
692 3546 831 3612 Χαλινού
845 3548 952 3631 μήνιος
964 3545 1074 3631 όρμὴν.
1116 3567 1162 3629 με.
1265 3490 1266 3541 3
