2502 4218
487 370 639 466 ..Q

90 535 271 620 Κληματίς.
290 533 396 619 Ἀμμε
412 533 505 618 μύναι
518 558 554 619 γε
572 535 720 601 Λάκαιναι
736 536 874 619 τίκτομες
895 532 1019 618 ἄνδρας.

90 619 218 686 Κοῖλον
245 617 345 689 ἔδειξε
365 618 470 688 ποδός.
493 618 556 687 Καὶ
574 616 716 704 κύντερον
735 619 813 684 ἀλλο
832 616 903 683 ποτ’
919 615 1018 702 ἔτλης.

91 704 212 809 Κοντιρ
239 703 338 767 πλεῖν.
362 700 416 773 Εἰς
432 703 486 788 τὴν
507 703 684 790 Πυρραίων,
707 702 784 768 εἴτι
804 703 899 768 κακύν
920 724 966 784 γε.

91 786 266 875 Κρητιξεις
279 789 362 872 πρὸς
382 785 499 872 Κρήτα.
525 790 625 859 Δοκδς
645 787 678 853 δ’
702 789 751 852 ἐπὶ
772 793 847 852 πάσι
869 786 1018 851 τέτυκται.

92 872 196 959 Κριδς
217 872 441 957 ἀσελγύκερως.
463 870 505 937 Ἡ
526 875 581 956 μὲν
604 872 696 942 κλέος
719 871 766 949 Ὗε,
790 874 842 936 καὶ
861 871 956 957 ἦσθα.

92 955 355 1043 Κρουσιμετρεῖν.
376 957 468 1020 Ἀλλ’
480 957 545 1022 οὐδ’
554 960 582 1022 εἰ
592 961 666 1045 βοῦς
674 897 851 1044 φθέγξαιτο,
859 954 1018 1041 πιθοίμην.

93 1039 309 1126 Κυκλοβόρου
332 1042 432 1125 φωνή.
455 1039 546 1107 Κακά
568 1042 683 1128 κέρδεα
704 1042 758 1106 ἶσα
781 1041 925 1195 βλάμησι.

93 1123 307 1190 Κυκλώπειον
330 1125 464 1211 βλέμμα.
488 1124 692 1200 Κανωπίξειν.
715 1124 835 1211 Κριύμυ
855 1148 898 1194 υς.

94 1208 296 1296 Κωφύτερος
315 1210 348 1272 κί
367 1212 431 1294 λης.
456 1208 523 1274 Μία
546 1213 652 1295 μάστιξ
674 1212 788 1291 πάντας
811 1210 944 1273 ἐλαύνει.

96 1294 198 1359 Λεῖπέ
222 1317 250 1356 τι
272 1294 322 1357 καὶ
343 1233 480 1364 ἔείνοισιν
505 1295 735 1382 ἐπερχομένοις.
759 1295 853 1359 Λίθον
873 1294 968 1379 έψεῖς.

96 1380 242 1464 Αέμφος.
262 1375 366 1461 Κήποι
385 1377 566 1450 Ἀδώνιδος.
586 1379 804 1467 Ἀρχιλύχειος
824 1378 963 1462 ἀλιύπηξ.

97 1464 235 1531 Λούσεις
255 1464 306 1526 τὸν
329 1460 453 1527 Πελίαν.
478 1461 523 1529 Οὐ
545 1463 654 1549 Μήδας
674 1470 771 1529 ταῦτα
795 1463 932 1550 φυλάξει

98 1548 204 1616 Λυδὸς
229 1545 347 1610 ἔκλεισε
367 1548 475 1632 θύραν.
500 1548 596 1619 Ξένος
616 1546 715 1627 ἔλθοι,
745 1549 827 1618 ὅστις
847 1549 962 1630 ὀνήσει.

99 1633 215 1696 Λύδιον
239 1631 333 1715 ἅρμα.
357 1628 416 1696 Τὸν
442 1631 521 1696 οἴκοι
541 1634 644 1717 θησαυ
667 1634 701 1697 δν
727 1634 912 1717 διαβάλλεις.

99 1718 318 1801 Λωτοφαγεῖν.
336 1716 460 1801 Ἀυμες
482 1717 517 1780 δὲ
536 1717 612 1783 δέκα
629 1658 750 1781 (θύδιοι
775 1716 851 1779 δέκα
868 1719 950 1785 νᾶες.

99 1799 277 1883 Μαγνήτων
299 1801 351 1864 καλ
372 1774 414 1864 Te
458 1802 548 1885 ερίων
571 1805 660 1866 κακά.
680 1799 797 1885 Κύμμα
819 1799 965 1885 πονηρόν.

100 1883 234 1949 Μᾶλλον
257 1886 274 1948 ύ
299 1885 392 1969 Φρύξ.
447 1888 483 1949 λη’
505 1909 543 1970 ης
564 1887 693 1973 βαπτίξη
720 1884 894 1967 πνεύματος
913 1883 1018 1953 άσκύς.

101 1967 332 2053 Μανδραγύρην
355 1968 448 2038 ἔπιες.
499 1977 594 2056 τωχιγῑ
616 1972 702 2055 φίλοι
727 1969 801 2035 οὐδὲ
818 1974 937 2054 τοκῆες.

101 2052 220 2122 Μάντις
240 2054 403 2138 ἀρουραία.
429 2055 668 2141 Φιλοτιμύτερος
688 2053 906 2140 Κλεοφῶντος.

102 2136 272 2222 Μαργίτης.
293 2135 442 2223 Κρονικαὶ
462 2142 568 2248 λήμαι.
589 2140 698 2226 Λημᾷν
720 2138 915 2208 κολοκύντας.

102 2220 281 2286 Μειλανίων
306 2225 452 2308 σώφρων.
504 2225 632 2306 Α[ι]δου
656 2231 789 2310 πρωκτῷ
810 2223 1010 2308 περιπίπτοις.

102 2305 1019 2393 Μὴπρὸφακήςλοπάδαύξε.Βάκηλος.Χάρμαπυραύστου.

103 2390 157 2475 Μὴ
179 2391 216 2454 σὺ
243 2391 434 2477 μελαμπύγῳ
453 2394 652 2477 περιπίπτοις.
675 2390 844 2476 Κάρδαμον
869 2389 982 2454 ἔσθειν.

104 2473 187 2559 Μήτι
208 2497 244 2559 γε
265 2477 360 2539 καλὸν
383 2479 512 2562 ἀδελφῷ
536 2481 602 2540 σοῦ.
631 2475 863 2558 Μαλακάιτερον
887 2474 994 2538 ύπνου.

104 2557 157 2643 Μὴ
182 2561 235 2625 τδν
258 2561 319 2623 ἀπὸ
341 2566 485 2660 γραμμῆς
504 2562 579 2625 κίνει
602 2561 705 2624 λίθον.
721 2558 843 2643 Ἰσθμὸν
867 2557 1018 2644 ὀρύσσειν.

104 2641 213 2727 Μηδὲν
236 2643 323 2726 ἀγαν.
344 2645 440 2731 Αύτῳ
464 2651 509 2730 τῷ
533 2644 645 2731 μέτριμ.
670 2643 774 2709 Γνῶθι
796 2646 935 2709 σεαυτὸν.

104 2725 228 2814 Μήλιος
249 2727 432 2814 Ἡρακλέης.
451 2728 539 2793 Ἤτοι
560 2731 673 2815 κρίνον,
694 2730 714 2814 ή
737 2728 935 2834 κολοκύντην.

105 2809 237 2897 Μητέρα
259 2814 307 2876 σολ
329 2815 440 2899 ταύτην
464 2815 531 2878 δίδο
558 2837 599 2879 αι.
623 2813 731 2879 Πλατα
757 2818 773 2833 ”
792 2814 978 2896 δοκιμασεις.

104 2893 225 2981 Μικρὸς
246 2899 296 2960 ἀεὶ
318 2900 370 2967 σὸς
389 2902 506 2966 πῶλος.
527 2840 712 2982 ’θλεύθεραι
732 2838 819 2980 ἀθγες
839 2896 988 2980 ἀρύτρων.

105 2978 216 3045 Μῦθον
231 2981 303 3067 ύνιμ.
327 2979 479 3068 Ὀλέθρου
494 2983 738 3066 δὀὐδεὶςλύγος.
759 2980 1019 3064 Ἀντιπελαργεῖν.

105 3062 174 3129 Μῦν
197 3066 323 3152 ἐλέφας.
347 3065 500 3152 Χαμύθεν
520 3069 569 3132 ίνα
591 3067 721 3150 τέττιγες
742 3067 891 3130 ἀείδουσι

105 3147 175 3220 Μῦς
198 3153 317 3219 λευκὸς.
341 3149 445 3221 Νύσος
462 3151 504 3217 Ἡ
525 3154 656 3220 άκλειος.
678 3151 775 3236 Ἀνὴρ
799 3150 955 3235 έλάφειυς.

105 3232 295 3321 Μωρύτερος
312 3234 474 3322 Μορύχου.
498 3178 642 3323 θκαμβδν
659 3236 748 3306 ξύλον
764 3232 906 3299 οὐδέποτ’
915 3231 1020 3318 ὀρθόν.

106 3317 217 3407 Μωρηῦ
231 3321 282 3385 καὶ
297 3320 419 3403 βασιλεῖ
430 3319 524 3404 νύμος
546 3319 695 3406 ἄγραφος.
716 3316 771 3384 Ἐκ
783 3318 876 3382 πίθου
891 3318 1020 3388 ἀντλεῖς.

107 3401 225 3491 Νεκρδν
247 3406 412 3490 μαστίξεις.
430 3404 544 3470 Ἀλλοι
564 3408 674 3490 κάμον,
701 3405 792 3468 άλλοι
814 3402 933 3467 ὅναντο.

107 3485 272 3577 Νηφάλιος
293 3490 398 3553 θυσία.
423 3489 538 3554 Θυσίαν
563 3491 593 3553 οἱ
615 3488 734 3575 Κρήτας
756 3488 893 3570 ἀγουσιν.

105 3570 169 3640 Νῦν
194 3577 239 3645 εἰς
259 3576 366 3660 χώραν
387 3574 477 3659 ἦλθε.
501 3572 693 3660 Προβάλλειν
714 3578 778 3643 τοῖς
799 3574 883 3637 κυσὶν
907 3572 1011 3658 ἀρνας.
