2560 4216
685 309 745 369 27t

260 480 358 557 ((14)
637 475 791 544 bulliat.

260 567 310 625 Me
333 563 432 623 verbis
454 563 583 623 Galatea
603 564 691 623 mulis
712 563 849 635 incessit,
873 570 905 621 ut
930 562 962 621 in
981 582 1029 621 me
1093 562 1167 638 [etl]

303 649 428 727 Impulit
451 649 544 708 iratas
566 669 693 724 vespere
716 667 809 708 saeva
827 648 921 706 fores.

261 735 331 794 Hoc
351 736 458 794 scitum
480 734 592 793 frustra
614 742 671 808 est,
693 732 809 793 Iniuria
831 732 925 793 soluit
950 751 1085 793 amores:

302 818 385 879 Nam
406 818 494 878 furiis
516 819 656 879 stimulos
680 817 801 898 subiicit
823 817 876 875 ille
900 818 987 876 meis.

261 908 381 979 Annum
404 904 519 963 iuratus
541 904 603 962 dixi
624 902 732 981 procul
754 902 857 962 abfore
878 904 915 961 ab
934 901 1005 973 illa3

303 994 372 1063 Ast,
393 990 472 1066 proh
494 989 535 1062 di,
558 990 656 1066 primo
680 989 757 1047 hanc
778 1007 867 1045 mune
889 995 1031 1064 precator
1052 987 1109 1047 alr

263 1161 358 1238 ((45)
505 1152 550 1219 “H
572 1157 624 1218 σὺν
646 1151 690 1217 ἔτι
712 1152 920 1237 φθινόπωρον.

261 1246 303 1305 Et
323 1254 392 1304 tuus
416 1246 585 1301 Autumnus
608 1242 700 1300 alieni
714 1241 804 1300 Veris
826 1241 971 1314 honores,

304 1333 446 1390 Aestates
465 1328 541 1386 clius
564 1336 594 1386 et
605 1336 664 1384 tua
684 1326 776 1401 vincit
795 1326 913 1386 Hiems.

264 1499 360 1576 ((46)
488 1488 689 1575 Κεκρύφαλοι
712 1491 871 1576 σφίγγουσι
890 1491 972 1573 τεὴν.
1002 1529 1008 1542 ·

262 1581 402 1645 Reticulo
425 1580 516 1639 crinis
539 1580 685 1656 premitur
704 1580 779 1638 tibi?
797 1580 932 1639 Differor
950 1587 1047 1638 cestu.

305 1669 390 1726 Haec
410 1665 484 1724 mihi
506 1665 673 1742 turrigerae
693 1666 791 1723 forma
812 1665 930 1724 videtur
953 1662 1042 1741 Opis.

263 1754 410 1812 Intectum
433 1758 522 1828 caput
544 1751 611 1810 est?
633 1752 765 1809 Mentem
787 1751 861 1808 mihi
880 1748 1016 1808 funditus
1040 1765 1158 1807 omnem

306 1837 429 1897 Excutit
450 1855 490 1893 cx
507 1843 572 1894 toto
594 1843 718 1911 pectore
737 1836 815 1894 flavo
837 1853 933 1894 coma.

263 1923 341 1983 Vela
362 1922 416 1979 tibi
436 1920 571 1978 condunt
590 1939 761 1997 suspensos
787 1920 913 1978 candida
931 1918 1049 1977 cirros?

305 2006 413 2067 Nihilo
433 2004 604 2082 languidior
624 2023 677 2063 cor
698 2005 772 2065 mibi
792 2006 914 2063 flamma
937 2002 1046 2079 coquit.

264 2094 343 2153 Tres
365 2091 479 2150 formas
505 2090 598 2165 stipat
616 2088 769 2148 Obaritum
791 2088 992 2166 pulcherrima
1013 2088 1100 2165 triga.

305 2180 334 2235 A
353 2174 479 2234 totidem
502 2174 609 2233 formis
631 2175 752 2252 singula
773 2176 892 2233 flamma
915 2172 989 2232 fluit.

266 2345 361 2422 ζ(47)
495 2339 573 2416 (lieri,
599 2345 658 2424 φεῦ
680 2342 731 2403 καὶ
756 2343 789 2405 τὸ
815 2343 950 2424 λάλημα.

263 2430 347 2490 Proh
367 2428 466 2501 dolor,
489 2428 714 2504 alloquiumque
737 2436 766 2487 et
787 2429 884 2488 visum
904 2430 984 2488 livor
1004 2427 1127 2500 ademit,

307 2514 403 2574 Tecta
425 2513 588 2591 supercilio
609 2515 701 2573 verba
721 2514 864 2589 loquente
886 2534 948 2574 sua.

264 2601 333 2660 Nos
353 2607 467 2659 stantes
488 2601 613 2677 propius
635 2608 725 2658 nutus
748 2599 891 2658 miramur
909 2599 1017 2671 aniles,

307 2685 436 2744 Lumina
454 2692 487 2741 ut
505 2684 669 2744 Inachidos
688 2685 782 2744 multa
801 2685 929 2744 bubulce
951 2693 1010 2742 tua.
1053 2672 1061 2685 ⁸

265 2770 332 2832 Sta:
355 2771 610 2846 circumspectans
632 2771 775 2829 observa:
799 2771 917 2847 ringere
938 2770 1059 2829 frustra.

306 2855 477 2931 Explorate
498 2855 594 2914 oculis
615 2856 721 2912 intima
744 2863 850 2914 nostra
871 2854 987 2932 nequis.

266 3024 361 3100 (018)
557 3019 672 3104 Ἀνέρα
694 3025 869 3104 λυσσητῆρι.

265 3109 481 3186 Quemcunque
501 3109 629 3188 appetiit
646 3109 766 3170 rabidae
789 3111 873 3169 canis
891 3128 960 3167 acre
983 3128 1148 3179 venenum3

307 3193 367 3252 Hic
384 3193 467 3252 ridet
488 3195 520 3252 in
543 3194 650 3254 mediis
669 3202 788 3271 spectra
810 3195 917 3257 canina
936 3194 1033 3253 radis.

264 3280 385 3339 Forsan
407 3286 437 3336 et
457 3281 581 3358 infregit
598 3281 760 3357 genuinum
781 3280 913 3355 percitus
934 3279 966 3337 in
986 3298 1046 3350 me,

308 3362 456 3424 Sensibus
479 3373 509 3423 et
528 3367 601 3424 totis
622 3384 670 3423 me
692 3364 836 3442 spoliavit
856 3368 960 3425 Amor.

264 3446 346 3506 Nom
364 3447 438 3505 mihi
459 3449 543 3508 salsa
562 3456 631 3508 tuos
654 3451 788 3509 referunt
810 3451 902 3510 maris
917 3467 1049 3524 aequora
1061 3448 1172 3521 vultus,

306 3533 515 3610 Fluminaque,
538 3542 568 3593 et
587 3535 667 3593 dulci
684 3536 795 3613 pocula
814 3535 903 3614 plena
926 3553 1020 3594 mero.
