2604 4210
520 351 670 447 ffl-

267 516 430 594 Ambe'puee
446 519 598 597 Btpeaerie
618 521 758 596 suffimen,
780 531 905 581 storace.
1008 524 1047 582 41

138 599 315 659 Accinctum
336 603 434 661 ferula
448 612 485 662 ⁴te
505 604 615 683 legifer
635 606 734 664 incalo
752 604 874 679 Bruma,

137 688 303 745 Aeternum
323 689 425 765 magni
445 709 559 748 numen
576 689 769 749 memorabile
792 688 898 764 Consi,

137 769 231 839 Pura,
254 789 350 846 sacer,
373 774 508 851 bigener,
527 775 648 853 Regina
670 775 794 847 indicta,
816 776 931 854 virago,

136 857 206 914 Mas
229 856 346 930 eadem,
367 857 533 934 mulierqm
555 860 740 932 bimembris,
762 859 885 934 Libera,
904 860 1027 921 Bruma.

137 938 212 1001 Sive
232 941 265 999 in
285 942 441 1003 Eleusinis
461 944 572 1021 templo
593 945 717 1005 laetaris
742 944 846 1018 odoro,

139 1022 212 1085 Sive
235 1026 326 1085 etiam
348 1028 380 1085 iu
399 1029 513 1106 Frugia
534 1047 601 1088 cum
624 1038 719 1088 matre
740 1048 852 1088 arcana
871 1026 930 1108 agi’
952 1049 1050 1105 saera,

138 1108 211 1170 Sive
233 1111 323 1170 etiam
344 1113 376 1170 in
399 1112 500 1189 Cupro
525 1115 610 1192 degIs
635 1134 702 1174 cum
724 1115 834 1174 Murtia
854 1134 992 1175 amoena.

137 1194 197 1253 Vel
219 1195 247 1254 si
265 1196 418 1274 frugiferis
440 1200 593 1275 persultas
615 1200 727 1275 pabula
750 1201 876 1276 campis,

139 1277 303 1357 cornigera
324 1301 390 1340 cum
412 1291 507 1342 matre
528 1292 581 1342 tua
599 1284 685 1343 Deus
705 1285 788 1344 Iside
809 1294 924 1359 sancta,

139 1362 275 1439 Cumque
297 1368 378 1426 assis
401 1367 583 1443 famulabus,
606 1371 645 1427 ad
666 1370 748 1428 alma
766 1371 880 1429 fluenta
901 1370 1050 1430 Melonis:

137 1449 232 1508 Adsis
256 1451 327 1510 diva
345 1453 452 1513 favens
475 1456 514 1513 ob
537 1474 636 1512 rerum
657 1457 792 1531 praemia
814 1464 928 1515 sancta.

326 1623 542 1698 Tempu-iarum
562 1624 702 1698 suffimen,
726 1635 868 1684 aromata.
1010 1627 1050 1686 42

138 1698 330 1780 Temperies,
349 1706 434 1766 Iovis
458 1715 488 1764 et
507 1707 610 1766 Iuritis
631 1716 736 1765 sancta
753 1727 913 1787 propagas,

137 1789 240 1845 Aurea
259 1788 321 1862 lex,
341 1799 372 1848 et
391 1792 452 1864 fas,
475 1800 506 1848 et
526 1810 589 1868 pax
611 1791 761 1850 ditissima
777 1812 887 1867 rerum,

137 1872 269 1946 Vernae,
292 1877 475 1951 gramineae,
496 1895 649 1953 puraeque
671 1884 701 1934 et
721 1878 953 1952 multivirentes,

139 1956 366 2032 Omnicolores,
390 1961 623 2021 suavebalautes
647 1962 753 2037 spiritu
775 1982 915 2037 amoeno,

139 2041 321 2119 Temperiae
341 2044 465 2117 virides,
488 2053 652 2119 vertentes,
675 2054 706 2104 et
726 2048 899 2123 speciosae:

137 2126 242 2187 Pallas
264 2129 387 2188 indutae
414 2131 503 2189 sertis
528 2131 710 2207 pubentibus
733 2141 830 2209 aptas,

140 2209 314 2290 (longeriae
329 2213 545 2292 Proserpinae,
573 2217 626 2276 ubi
648 2236 713 2275 eam
735 2215 915 2277 solemnibu'
934 2217 1051 2277 Parcae

138 2295 297 2358 Staticulis
316 2299 378 2358 luci
398 2309 540 2359 revocant
563 2309 592 2359 et
615 2300 740 2360 Gratiae
762 2311 899 2361 ovantes.

137 2380 260 2443 Diiovis
278 2385 423 2460 imperiis,
449 2394 479 2443 et
495 2386 603 2444 Matris
625 2387 837 2461 opiconsivae3

138 2467 209 2526 Huc
226 2470 315 2528 mites
337 2469 375 2527 ad
397 2487 484 2527 sacra
503 2471 555 2545 pia
574 2469 744 2528 instaurata
766 2472 878 2543 venite,

137 2552 294 2612 Ducentes
316 2555 465 2613 foecunda
488 2555 689 2631 propagmina
703 2563 924 2631 tempestatum.

381 2723 511 2782 Semelae
523 2725 670 2798 ‚suffimem
692 2734 820 2782 storace.
1009 2725 1048 2784 43

139 2805 237 2864 Elicio
259 2825 376 2882 pusam,
402 2816 579 2886 prognatam
600 2809 736 2886 principe
758 2807 885 2880 Cadmo,
936 2842 941 2851 ‚

137 2891 311 2949 Formosam
334 2891 497 2968 Semelam,
519 2893 698 2966 cincinnum,
719 2894 957 2968 vestifluamque,

138 2975 179 3034 Et
200 2983 326 3034 matrem
347 2977 452 3036 Brumi
470 2979 634 3051 laetabilis,
659 2987 689 3036 et
708 2978 838 3057 fernlcti.

137 3061 278 3120 Fulmine
300 3080 378 3136 quae
400 3082 486 3122 sacro
508 3064 622 3122 foetum
643 3071 853 3122 exterraneum
875 3062 986 3140 abegit,

137 3147 281 3206 Aeternis
304 3146 381 3205 Iovi’
403 3148 550 3207 consultis
574 3150 665 3206 enixa
685 3149 802 3226 puella:

139 3230 237 3305 Quam
259 3232 382 3309 dignata
406 3233 490 3310 gravi
514 3243 562 3292 est
583 3235 696 3293 florens
719 3233 906 3308 Proserpina
926 3233 1051 3305 honore,

137 3316 224 3375 Inter
246 3317 391 3377 mortales
416 3318 504 3376 trima
526 3318 566 3376 ad
589 3320 713 3378 comitia
732 3319 820 3378 festia

139 3400 271 3478 Quando
294 3403 339 3460 tui
356 3402 463 3461 Bromi
483 3403 617 3461 referunt
638 3403 801 3482 genitabile
821 3419 955 3480 germen,

138 3487 321 3546 Anelabram
345 3506 475 3561 sacram,
497 3496 527 3546 et
547 3506 646 3546 rerum
669 3488 749 3548 haud
766 3505 877 3547 arcana
889 3484 1050 3563 profunda.

139 3572 186 3632 Te
208 3571 277 3630 Dea
296 3572 419 3646 patritia
439 3575 577 3632 obtestor
600 3581 667 3632 sata
686 3574 821 3651 principe
851 3569 978 3645 Cadmo,
