2502 4218
388 330 391 335 ’
480 340 631 436 ..ssa-

93 507 239 567 Amores
263 511 433 570 obsessore
455 518 613 569 venturam
637 511 769 587 desuper
789 511 857 570 urbi

93 591 156 653 Urit
175 593 329 654 defensor
351 595 496 654 satmatis
516 595 632 655 sulfure
655 595 725 655 vivo
983 668 985 671 Ι

92 677 253 751 Malleolis‚
278 680 433 756 piceoque
454 679 610 742 instructis
630 679 701 757 igne
721 679 875 758 maniplis.

93 763 150 819 Aut
168 764 276 823 subito
301 782 462 842 emergens
485 766 582 841 portis
604 764 733 824 obsessa
752 765 892 827 iuventus

92 845 301 909 Flammiferis
324 849 443 910 facibus
465 851 588 909 derhas
608 856 725 908 armata
746 858 889 910 nocentes

92 929 149 988 Per
168 935 315 1009 peritura
338 953 446 1012 vagam
469 937 587 1014 spargit
607 934 774 993 munimina
792 942 922 1011 pestem,

93 1008 127 1073 In
148 1035 207 1076 sua
228 1020 399 1079 frustratos
421 1021 527 1083 hostes
550 1019 680 1079 tentoria
701 1036 825 1096 cogens,

95 1097 220 1161 Caetera
241 1104 321 1179 quid
343 1105 483 1177 referam,
506 1124 585 1181 quae
603 1104 721 1163 Phoebi
741 1105 865 1163 numine
888 1105 990 1181 plenis

94 1183 263 1261 Exequitur
285 1189 367 1248 velis
388 1190 455 1249 aevi
475 1209 619 1250 mansura
640 1208 697 1266 per
718 1190 810 1248 orbes

95 1269 215 1347 Lipsius
240 1274 433 1347 innumeros,
456 1275 628 1350 chartisque
650 1282 775 1333 aeterna
797 1275 938 1348 sacrarit,

95 1352 198 1417 Prisca
218 1378 279 1434 per
301 1358 444 1419 assiduos
468 1361 646 1435 complexus
668 1359 747 1422 iacta
769 1360 912 1420 labores?

98 1435 151 1515 Qui
169 1458 349 1519 quanquam
373 1445 431 1504 hoc
460 1453 544 1504 tanto
569 1445 705 1503 devinxit
723 1446 851 1521 pignore
874 1446 992 1523 gemet,

96 1520 211 1584 Natura
228 1537 337 1587 tamen
356 1530 395 1586 ad
415 1548 552 1589 summos
571 1537 731 1588 revocante
753 1537 889 1606 paratus,

97 1606 227 1670 Inseruit
251 1614 344 1673 coeio
368 1615 506 1692 vigilucis
529 1615 644 1672 lumina
667 1615 778 1673 mentis

100 1689 177 1752 Scite
200 1698 404 1758 instaurando
427 1700 566 1776 neglecta
588 1699 862 1775 prioribus-aunis,

99 1775 232 1841 Porticus
256 1787 376 1843 Actaea
395 1784 547 1858 quondam
571 1802 649 1860 quae
672 1783 773 1841 sanxit
790 1783 822 1841 in
847 1783 936 1841 urbe:

99 1859 136 1919 Itt
154 1874 277 1928 veteres
303 1867 441 1929 Senecae
463 1867 599 1927 recolens
621 1867 796 1943 praedivitis
818 1868 922 1926 hortos

100 1944 259 2028 Excerpsit
281 1955 391 2013 florum
414 1954 551 2032 digestos
574 1953 657 2011 mille
680 1952 807 2012 colores.

102 2029 164 2106 Quo
184 2043 214 2094 te
233 2047 426 2116 praeteream
450 2037 572 2099 Corneli
593 2057 703 2116 magne
723 2038 833 2114 piaclo,
882 2052 886 2064 “

102 2113 253 2197 Tempore
273 2142 365 2200 quem
383 2142 536 2199 nunquam
547 2124 687 2182 Tacitum
708 2132 835 2182 venturo
851 2118 1016 2180 tacebunt?

104 2196 157 2272 Qui
177 2209 266 2267 modo
283 2228 438 2286 purpurea
456 2221 618 2269 renovatus
641 2210 777 2266 membra
798 2209 931 2277 iuventa,

103 2281 141 2342 Ut
161 2307 251 2365 quem
273 2295 421 2353 cinamcis
439 2303 584 2372 reparant
601 2293 744 2351 incendia
765 2292 857 2363 nidis,

105 2364 188 2431 Secla
207 2378 317 2437 decem
339 2380 455 2454 quoties
478 2379 554 2437 vixit
573 2378 744 2436 Phoebeius
767 2394 869 2457 oscen,

105 2453 252 2536 Quicquid
276 2483 324 2536 es,
349 2464 419 2522 huie
439 2473 535 2522 totum
559 2462 665 2534 debes,
689 2462 737 2519 cui
757 2460 889 2538 plurima
907 2456 999 2515 debet

105 2537 240 2622 Mundus,
266 2557 298 2606 et
319 2550 461 2623 antiquae
482 2546 616 2626 gaudent
636 2565 697 2623 quo
719 2546 838 2605 vindice
860 2543 992 2614 chartae,

107 2620 180 2686 Cura
203 2635 316 2708 quibus
338 2634 436 2710 Lipsii
457 2633 610 2710 fugientes
632 2632 764 2689 reddidit
784 2648 890 2701 anuos.

144 2709 270 2793 Singula
292 2719 347 2777 sed
363 2720 445 2779 laxis
466 2719 715 2776 circumvectatus
735 2717 864 2775 habenis

106 2789 262 2876 Experior,
283 2803 373 2862 celeri
395 2812 535 2880 raptante
557 2822 612 2879 per
633 2821 824 2875 aoracum,

105 2872 181 2940 Dum
201 2906 250 2945 me
273 2889 483 2966 praeeipitem,
507 2888 606 2965 Lipsi,
629 2895 681 2946 tua
705 2887 840 2946 maxima
860 2886 961 2943 virtus·

107 2957 210 3039 Ignota
231 2973 361 3051 regione
381 2975 470 3049 rapit,
495 2991 594 3047 neque
616 2972 751 3049 suppetit
770 2971 859 3029 ardor

108 3043 232 3115 Quanti
254 3060 386 3136 spatium
409 3059 488 3117 vasti
510 3057 717 3116 transmittere
740 3055 850 3130 campi,

110 3126 161 3192 cai
181 3141 231 3200 vix
253 3143 369 3203 emisso
390 3144 428 3202 ds
452 3144 558 3201 limine
581 3142 723 3212 carceris,
747 3139 829 3212 ante,

110 3214 201 3291 Quam
221 3229 308 3307 tetigi
329 3238 437 3301 metas,
457 3246 548 3305 aeger
569 3227 662 3285 trahit
681 3225 737 3283 ilia
756 3224 875 3302 pulsus.

111 3298 194 3375 Quod
214 3313 333 3387 damus,
355 3313 487 3372 officium
510 3312 586 3372 satis
607 3320 665 3384 est,
686 3329 746 3367 non
766 3327 899 3386 carmen,
919 3314 1017 3373 amico

110 3381 252 3471 hupenci,
275 3418 314 3457 ne
338 3417 396 3457 nos
421 3415 512 3457 succo
534 3396 670 3474 loliginis
693 3402 778 3452 atrae

112 3465 252 3557 suanm,
272 3491 324 3541 aut
343 3482 478 3542 invidiae
499 3481 654 3540 maduisse
677 3497 796 3537 veneno

111 3550 232 3626 Poscor„
255 3567 303 3626 vel
329 3568 445 3640 eredat,
465 3566 514 3626 vel
534 3584 683 3643 praesens
706 3572 815 3642 arguat
834 3573 929 3626 aetas.
