2560 4216
625 350 777 449 αρι-

486 522 577 581 Aliud
599 542 637 581 ex
659 521 781 583 Gallico
800 522 917 582 incerti.
1271 574 1272 581 ,

248 601 312 668 ἔστι
330 626 374 673 τις
394 604 425 666 ἐν
452 604 617 689 φθονεραῖς
637 605 735 669 δεινδν
758 603 859 688 τέρας,
889 604 923 672 ὃς
941 602 980 665 τὰ
1001 600 1155 688 Μαρώτοο
1255 598 1260 609 '

287 687 369 770 ἡδέα
393 688 447 771 μὲν
471 690 594 773 φάσκει,
617 689 735 774 σκληρὰ
755 688 790 752 δέ
811 687 894 772 τάμὰ
916 687 1033 765 πέλειν,

247 772 462 858 ἀμφοτέροισι,
481 772 592 855 λέγων,
614 775 713 859 δάφνη
740 774 794 857 μὲν
817 771 940 836 ἔπαθλα
962 770 1111 856 Μαρώτιρ

291 858 426 944 φοιβείή,
447 855 538 942 Βήζᾷ
561 857 632 942 δή
654 858 815 942 αρενιῶτα
836 855 957 920 Μίδοο·

247 944 330 1006 τίπτε
354 943 451 1026 μάτην
474 939 605 1017 πονέεις,
665 944 737 1005 ίδεω
760 964 793 1003 τε
816 962 868 1025 μοι
889 942 954 1003 ὦτα
975 941 1159 1023 προσάπτειν

290 1027 453 1103 σπείδεαι;
476 1028 533 1091 οὐκ
557 1026 655 1103 οἶδας,
677 1027 820 1112 βάσκανα,
839 1030 949 1088 ποῦστι
972 1024 1011 1087 τὰ
1033 1026 1092 1101 σάς

314 1197 457 1261 Segusione
476 1199 509 1246 ad
526 1198 624 1247 radices
639 1198 747 1262 Alpium
764 1198 793 1245 in
802 1197 894 1246 aulaeo
907 1195 1037 1246 Basilicas
1043 1195 1161 1246 ‘intextae

400 1274 461 1316 sunt
478 1268 545 1319 duae
561 1266 688 1329 mulieres,
707 1266 823 1329 singulae
838 1279 947 1329 puerum
956 1264 1084 1315 infantem
1094 1264 1161 1315 ulnis

398 1341 544 1397 gestantes,
564 1343 589 1385 et
609 1350 636 1385 se
653 1344 745 1384 mutuo
764 1333 941 1398 respicientes,
961 1333 1082 1383 versibus
1102 1332 1163 1384 Gal·

398 1400 454 1452 licis
481 1403 617 1452 inconditis
642 1405 675 1453 ad
697 1404 777 1469 pedes
798 1418 884 1452 earum
903 1402 1025 1466 adjectis,
1055 1417 1163 1466 quorum

401 1473 554 1521 sententiam
573 1471 626 1524 Ios.
645 1472 695 1520 hoc
713 1472 896 1536 epigrammate
909 1469 1007 1520 Graeco
1027 1471 1181 1536 expressitx

242 1547 390 1633 ,ἡμετέραν
415 1551 469 1634 μὲν
489 1551 593 1628 παῖδε,
615 1552 667 1614 ’καὶ
687 1549 850 1634 ήμετέροιν
873 1550 935 1614 άπδ
954 1550 1088 1615 παίδοιν

291 1635 396 1712 παῖδε,
421 1636 594 1718 κασιγνήτω
616 1635 650 1697 θ’
671 1635 833 1719 ήμετέροιν
858 1634 989 1718 ἀνέροιν.

248 1717 395 1802 ἀλλήλοιν
419 1719 508 1797 δείιο,
531 1722 583 1783 καὶ
606 1721 766 1805 ἀδελφιδῶ
788 1719 946 1803 ἀλλήλοιϊν

291 1803 474 1890 ἀμφότεροι,
494 1805 632 1890 νομίμων
658 1805 684 1866 δ’
708 1804 880 1886 ἐκγεγαῶτα
903 1804 1021 1887 γάμων.

497 1975 614 2035 Versus
638 1974 750 2034 Gallici
769 1977 802 2034 hi
825 1983 905 2036 sunt:

333 2060 399 2118 Nos
414 2060 464 2133 fils
485 2070 551 2118 sont
569 2079 621 2120 nos
637 2062 697 2134 fils,

334 2145 441 2203 Preces
460 2154 494 2223 et
506 2146 557 2218 fils
578 2149 597 2204 ὰ
619 2164 671 2203 cos
692 2149 790 2217 maris,

256 2230 260 2233 ’
334 2229 414 2287 Ιιάιι
437 2233 457 2288 ὰ
481 2229 585 2288 l'outre
607 2231 700 2288 cocles
719 2239 746 2288 et
764 2249 907 2308 nepveu&

334 2315 415 2372 Nais
435 2317 470 2371 de
492 2316 571 2393 loyal
593 2318 723 2393 mariapc
749 2326 823 2376 touta
846 2319 930 2374 deus.

372 2560 515 2640 Potin
541 2560 638 2640 Slltl
665 2561 819 2640 Selectos
844 2558 1053 2639 Sententiae.

314 2711 383 2771 Hos
404 2711 538 2772 Graecos
561 2732 668 2772 versus
691 2713 851 2772 effudimus
863 2711 977 2788 potins,
993 2728 1086 2787 quem
1102 2728 1166 2768 me·

251 2797 339 2856 ditati
361 2817 479 2857 sumus:
501 2798 533 2856 id
553 2799 635 2873 quod
656 2805 687 2856 et
704 2798 863 2877 angustiae
880 2797 1040 2874 temporis,
1055 2796 1167 2871 quibus

252 2882 446 2960 scripsimus3
469 2891 501 2941 et
520 2883 621 2957 amici,
643 2884 751 2958 quibus
765 2901 823 2942 nos
835 2882 933 2959 rogati
946 2884 1002 2941 has
1018 2882 1168 2958 panculas

251 2968 344 3028 hores
367 2969 580 3044 impendimus,
600 2969 708 3028 testari
727 2968 856 3044 possint.
877 2967 921 3026 Ut
940 2967 1086 3027 meliores
1099 2967 1170 3043 ¹sint

251 3072 372 3127 versus,
393 3061 423 3112 et
445 3055 568 3113 maioris
591 3054 645 3112 otii
664 3070 739 3128 opus
760 3060 817 3126 est,
844 3059 875 3109 et
886 3053 1020 3112 melioris
1041 3050 1169 3130 ingenii.

251 3136 340 3197 Haeo
360 3147 460 3198 autem
474 3139 637 3212 Publiana‚
651 3138 788 3212 quamvis
798 3140 878 3196 inter
890 3157 989 3216 nugas
1001 3137 1169 3195 theatrales

251 3223 497 3298 iactata-tamen
516 3222 588 3300 quid
607 3230 733 3296 rectum,
748 3220 821 3298 quid
834 3223 909 3280 utile
928 3225 978 3297 sit,
1000 3222 1088 3280 iuxta
1100 3221 1169 3280 Ho-

250 3309 373 3383 ratium,
399 3310 507 3368 melins
530 3308 705 3386 Chrysippo
726 3316 757 3366 et
777 3306 930 3366 Crantore·
945 3309 1057 3367 dicunt.
1105 3306 1169 3364 Ita·

251 3413 310 3470 qne
332 3414 485 3471 nunquam
505 3394 577 3453 illos
602 3393 640 3450 de
661 3394 801 3452 manibus
823 3392 976 3470 deponant
996 3412 1060 3451 non
1081 3389 1170 3469 pueri

252 3487 387 3553 tuntum,-
400 3480 455 3539 sed
474 3479 566 3537 etiam
587 3478 757 3537 doctiores:
776 3479 855 3553 quod
878 3479 960 3537 idem
975 3477 1013 3536 <le
1025 3476 1171 3555 Dionysii

253 3561 378 3623 Catonis
399 3563 547 3624 Distichis
569 3563 681 3620 dictum
701 3563 780 3623 volo.
