2502 4218
641 371 793 466 ...qe-.-

261 539 408 600 Fabullus
428 528 546 616 amplis‘
557 539 727 599 latifundiis
746 540 872 616 Lycum,

262 623 404 683 Nummis
424 624 583 684 Fabullum
604 625 779 684 foenerator
795 625 942 696 Bracara,

262 711 302 768 Ilt
320 712 409 783 hunc,
434 718 463 768 et
481 709 566 767 illum
588 710 769 786 pisculentis
789 718 938 786 provocat

262 794 386 873 Stagnis
405 795 533 857 Alauda.
557 793 826 867 Quantum‘habes
850 796 949 854 omnis
972 797 1055 872 cupit

262 879 396 953 Habere,
419 880 475 939 sed
497 888 530 941 tu
551 900 611 939 non
633 881 728 939 habes
751 889 895 954 quantum
916 879 1013 957 cupis.

263 1050 313 1109 32.
359 1048 457 1126 Caput
477 1050 611 1110 tenebris
634 1056 793 1108 exerentes
813 1049 929 1121 literas,
963 1082 965 1087 ·

263 1134 346 1208 Quas
371 1136 462 1212 longa
484 1135 562 1195 curis
587 1135 696 1193 excolit
717 1135 831 1194 sensim
852 1134 931 1206 dies,

262 1219 401 1296 Repente
420 1219 503 1278 dirus
524 1220 631 1279 Martis
655 1228 686 1277 et
708 1218 894 1296 sophistices

261 1305 393 1382 Fugabit
414 1312 517 1364 aestum
539 1324 602 1363 nou
624 1323 801 1364 reversuras
826 1303 937 1363 statim.

258 1389 359 1447 Morbi
374 1389 544 1465 ingruentis
564 1397 611 1447 est
632 1389 751 1447 medela
772 1389 906 1466 segnior,

263 1471 360 1545 Quam
383 1474 514 1532 morbus.
535 1493 609 1532 aevo
631 1474 739 1533 crescit
761 1474 880 1533 occulto
901 1493 1026 1533 nemus:
1060 1512 1063 1513 ν

262 1557 391 1631 Punct0‚
415 1559 552 1633 sequacis
573 1559 653 1635 ignis
674 1559 778 1617 afflatu
797 1558 885 1635 perit.

262 1640 377 1721 Vigore
395 1643 477 1701 leuto
498 1652 601 1702 nostra
623 1651 761 1703 crescunt
781 1661 926 1720 corpora:

262 1726 371 1788 Statim
392 1728 561 1787 labascunt.
582 1728 685 1787 Tarda
704 1730 846 1787 virtutum
866 1728 1009 1804 augmina

263 1812 330 1873 Cito
352 1815 574 1891 opprimuntur,
599 1826 656 1873 non
677 1815 864 1872 reviviscunt
886 1814 953 1871 cito.

264 1981 314 2040 33.
358 1980 417 2054 Qui
437 1980 671 2041 Grammatistas
693 1982 801 2057 spiritu
820 1983 919 2040 difflas
941 1991 1002 2055 tuo,

262 2067 302 2124 Ilt
325 2085 513 2124 summovere
534 2067 670 2125 fascibus
691 2067 813 2144 liuguae
832 2068 915 2127 soles

263 2149 393 2210 Criticos
414 2151 541 2211 clientes
562 2151 718 2213 literarum
740 2152 898 2211 inertium:

263 2234 325 2295 Cur
343 2232 502 2313 'dignitatis
524 2236 697 2311 ordinisque
719 2238 875 2315 negligens

262 2320 333 2392 Tui,
354 2318 478 2380 libellos
498 2320 782 2381 Grammatistarum
805 2322 893 2400 legis,

263 2404 400 2482 Sophiae
419 2406 562 2481 medulla,
583 2407 673 2465 docta
694 2406 830 2466 Naturae
852 2407 969 2479 schola,

263 2489 344 2550 Oulti
364 2491 502 2550 Platonis
524 2492 667 2552 educatus
689 2492 720 2550 in
744 2491 833 2551 sinu?

262 2574 344 2653 Ergo
362 2576 469 2650 libelli,
487 2596 564 2652 quos
586 2578 672 2650 teris,
695 2586 738 2634 te
744 2577 853 2649 iudice,

263 2657 342 2720 Sunt
361 2661 485 2736 aliquid,
509 2681 528 2719 a
547 2671 576 2720 te
598 2682 689 2737 quum
708 2663 856 2739 legantur,
879 2667 910 2717 et
931 2661 1030 2737 magis

262 2738 309 2803 Te
332 2747 501 2820 confitente,
524 2767 613 2823 quam
634 2747 765 2819 volente,
786 2755 858 2806 sunt
880 2745 963 2803 honi

261 2828 407 2888 Doctrina
426 2851 537 2909 magna
556 2840 613 2904 est,
634 2850 711 2908 quse
723 2832 831 2908 placet
851 2830 1034 2889 uolentibus.

262 2998 688 3078 34.Pu51010g0mastix‚et
707 2999 851 3076 Sophiste
869 3001 1029 3070 barbarus,

263 3080 325 3143 Sed
341 3085 399 3143 iste
423 3085 526 3159 nullis,
546 3087 598 3144 illo
618 3085 725 3163 paucis
744 3085 852 3157 literis,

262 3167 322 3226 Hic
345 3169 479 3229 veritatis
501 3189 583 3243 osor,
606 3170 690 3229 ille
682 3170 770 3246 iurgii

262 3251 468 3330 Captator,1n
491 3265 580 3314 nost
568 3257 630 3314 tela
650 3254 832 3332 distringunt
851 3272 918 3325 sua,

261 3339 301 3396 Et
321 3340 535 3401 contradictis
557 3341 671 3417 scripta
693 3340 868 3416 discerpunt
888 3337 987 3397 malis.
1027 3364 1031 3373 v

262 3420 324 3483 Sed
345 3442 400 3482 nos
419 3424 580 3483 lacessunt
594 3424 743 3500 plumbeis
765 3424 967 3483 mucronibus.

263 3505 417 3584 Sophiste,
439 3518 470 3567 st
490 3510 530 3595 is,
552 3527 650 3583 quem
660 3510 851 3587 praenotavi,
871 3516 943 3567 suut
963 3507 1025 3567 duo
1055 3544 1058 3555 =

260 3592 334 3650 Pari
355 3592 469 3666 furore,
489 3586 605 3671 dispari
626 3597 724 3673 genio
738 3613 840 3654 canes.
