2560 4216
499 320 651 416 *tt-3-

373 480 411 549 Ὁ
434 486 501 570 πρὶν
524 486 775 569 ἀμαλθάκτοισιν.
934 489 1030 569 cdo)

115 571 173 631 Ille
195 591 251 649 ego
273 580 375 631 mente
397 573 463 631 iera
481 574 532 649 qui
554 574 705 650 quondam
727 575 840 649 pubere
860 575 893 632 in
913 594 990 634 aevo

159 656 350 717 Flexanimis
372 659 510 735 Paphiae
529 659 648 737 legibus
673 644 764 735 aspe'r
786 678 880 731 eram,

115 741 174 800 Ille
196 741 376 819 Cupidineis
399 744 563 820 impervius
584 753 654 803 ante
677 744 808 822 sagittis,

159 828 226 885 Iam
249 828 355 886 senior
377 835 430 887 tua
452 847 500 885 me
524 831 580 888 sub
602 829 674 907 iuga
693 831 788 901 mitto,
812 828 928 887 Venus.

116 913 231 989 Accipe
254 932 303 970 me
322 913 435 973 ridens.
458 911 531 971 Non
554 922 615 972 tam
638 913 720 991 prius
739 913 853 989 inclyta
875 913 954 971 malo

160 992 379 1073 Hesperidum,
400 1017 490 1075 quam
510 1018 589 1057 nunc
608 998 687 1058 victa
710 999 846 1056 Minerva
858 997 918 1056 'tibi
941 1005 997 1056 est.

391 1161 453 1226 Ναὶ
471 1165 552 1248 τάχα
575 1160 750 1245 τανταλέης.
934 1165 1031 1244 uti)
1056 1204 1058 1207 .

117 1248 187 1309 Nae
210 1269 405 1327 quaecunque
427 1252 511 1310 videt
529 1250 670 1310 Acheron
693 1251 866 1327 spectacula
887 1269 1005 1327 poenae

163 1336 370 1413 Tantaleae[,]
392 1337 507 1396 nostris
529 1346 599 1395 sunt
619 1337 735 1395 leviora
756 1337 856 1396 malis.

118 1420 200 1481 Nam
223 1421 305 1479 nullo
325 1422 517 1498 prohibente,
538 1423 601 1480 suis
620 1430 674 1480 tua
694 1422 791 1495 labra,
811 1421 919 1481 ridens
941 1429 983 1493 te,

162 1505 353 1578 Consereret,
375 1526 469 1564 verna
488 1507 633 1565 lucidiora
652 1526 735 1580 rosa,

119 1591 502 1650 Tantalus‘aerumnosus.
522 1593 563 1650 At
584 1592 653 1649 huic
674 1592 754 1668 lapis
777 1591 925 1649 imminet:
947 1590 1032 1647 illum

162 1676 287 1735 Horret.
309 1677 358 1734 Ita
380 1685 435 1735 est.
457 1677 570 1746 Iterum
589 1676 643 1735 sed
667 1677 771 1750 nequit
791 1676 844 1733 ille
866 1674 954 1733 mori.

119 1767 161 1821 At
182 1761 272 1821 nobis
294 1762 371 1821 vivis
385 1761 539 1838 liquantur
558 1761 694 1818 membra
714 1761 828 1818 furore:

161 1846 285 1906 Viribus
310 1846 466 1905 exhaustis
490 1864 572 1904 mors
595 1845 775 1921 propiorque
792 1846 884 1904 venit.

344 2008 500 2097 Ἐοβέσθη
526 2013 693 2096 φλογεροῖο
716 2010 821 2092 πυρὸς.
935 2013 1031 2091 (m)

119 2098 251 2176 Dilapaa
272 2107 320 2159 est
338 2120 407 2158 mea
427 2100 559 2174 flamma,
579 2118 634 2157 nec
650 2097 780 2175 amplius
794 2108 899 2157 aestuo
911 2100 1031 2172 morbo,

162 2186 200 2244 In
221 2186 349 2244 Veneris
372 2186 490 2244 cineres
514 2186 569 2245 sed
589 2185 757 2261 tepefactus
781 2201 828 2241 eo.

121 2271 254 2331 Ossibus
279 2280 308 2328 et
327 2270 439 2346 penitis
461 2271 543 2329 nuda
565 2278 643 2343 cute,
667 2269 777 2326 mentis
802 2275 831 2325 et
848 2268 918 2327 imis

163 2353 312 2415 Sensibus
334 2356 493 2414 insinuans
516 2364 596 2412 errat
617 2353 746 2411 anhelus
772 2369 867 2410 amor:

120 2439 252 2499 Victima
274 2441 319 2498 sic
337 2448 494 2516 postquam
516 2449 563 2498 est
578 2440 610 2496 in
632 2428 732 2497 sacris
749 2437 819 2513 igne
841 2444 958 2509 vorata,

164 2523 276 2602 Sponte
298 2545 351 2583 suo
370 2524 494 2596 residet,
519 2542 586 2581 cum
605 2529 688 2597 tepet
710 2539 791 2593 esca,
813 2520 905 2580 furor.

380 2687 506 2773 Ὤμοσα
529 2689 685 2771 μιμνάζειν
709 2707 775 2747 ceo.
935 2685 1033 2772 ζ(43)

122 2776 263 2835 Iurabam
284 2787 398 2850 sancte,
421 2779 469 2836 bis
492 2795 557 2848 sex,
578 2796 635 2853 pro
655 2774 769 2851 Iupiter
790 2782 819 2831 et
838 2775 879 2847 di,

165 2862 233 2920 Lux
253 2882 331 2936 mea,
354 2863 499 2921 luciferos
520 2862 599 2919 velle
621 2879 722 2918 carere
745 2859 797 2917 tui.

122 2946 193 3006 Non
212 2947 307 3023 potui.
328 2948 405 3007 Visa
423 2955 470 3006 est
490 2946 543 3004 lux
564 2946 685 3023 longior
706 2944 803 3002 altera
824 2945 871 3004 bis
894 2963 949 3003 sex

164 3033 339 3092 Mensibus:
360 3033 465 3091 adiuro
486 3040 575 3106 teque
596 3030 738 3104 tuumque
761 3036 860 3106 caput.

125 3117 182 3190 Tu,
203 3136 242 3174 ne
260 3118 450 3194 perscribant
469 3117 585 3176 ultricia
606 3116 638 3173 in
661 3132 793 3189 aequore
816 3114 937 3172 chartae

165 3201 243 3274 Hoc,
266 3203 347 3278 quod
365 3203 473 3274 iuravi,
492 3202 549 3259 rite
569 3219 696 3279 precare
716 3198 809 3257 Deos.

123 3288 222 3362 Atque
241 3288 301 3347 tuis
323 3287 421 3347 mulce
443 3306 502 3359 me,
524 3285 646 3359 blanda,
668 3284 837 3361 leporibus,
858 3289 892 3339 ut
909 3301 949 3340 ne

166 3373 216 3430 Me
240 3391 382 3449 superum
401 3372 529 3449 perdant
550 3379 580 3429 et
601 3380 654 3429 tua
675 3370 771 3446 flagra
793 3367 892 3427 simul.

771 3550 810 3610 18
