2586 4214
634 341 784 435 AM*

184 514 251 570 1010
261 508 335 571 Sine
357 517 387 567 te
412 509 560 584 recipiet?
582 509 720 587 quippini
742 510 794 585 qui
815 510 865 567 vel
888 522 986 586 neque

258 595 294 653 Iu
317 614 351 652 re
374 594 507 653 secunda
525 594 633 671 gaudio
656 594 852 653 diffunditur?

261 678 388 739 Cuiuam
410 679 462 736 ille
485 679 565 737 dicto
587 687 702 756 parcet,
725 689 777 738 aut
799 678 963 738 convicini

260 767 310 824 Me
334 765 479 840 spurium,
498 773 529 822 et
549 765 617 839 ipsa
638 765 747 824 bellica
770 764 883 841 praeda
907 773 1007 823 satum

260 850 427 928 Ignaviane
450 849 571 922 mentia,
592 869 632 907 an
653 859 744 923 metu,
767 870 807 909 an
828 849 899 908 dolo

185 942 251 995 1015
261 935 307 993 Te
328 935 512 1012 prodidisse,
535 934 629 994 frater
650 935 740 1008 Aiax,
765 944 797 994 ut
818 944 886 993 tuas

260 1020 391 1094 Demos,
409 1029 438 1078 et
454 1039 572 1078 omnem
596 1021 782 1097 possiderem
805 1019 990 1077 habentiaru.

262 1104 353 1164 Talia
376 1125 499 1165 severus
523 1124 678 1182 perperam
703 1105 873 1181 profabitur

260 1195 361 1266 Asper
383 1200 517 1262 senecta,
541 1190 648 1269 iurgiis
674 1186 764 1249 atrox
785 1190 884 1248 homo.

262 1275 336 1337 Solo
356 1284 483 1351 paterno
503 1275 684 1334 eliminabor
706 1275 836 1350 denique

186 1369 253 1425 1020
263 1360 410 1422 Sermone
430 1361 526 1438 patris
549 1379 668 1433 servus,
690 1369 720 1417 et
741 1360 819 1418 liber
840 1367 951 1416 tamen.

261 1447 301 1504 Et
321 1445 397 1503 haec
417 1445 536 1520 quidem
560 1446 647 1503 domi.
671 1453 720 1504 ast
741 1464 789 1502 me
809 1445 841 1501 in
861 1443 942 1501 arvis
967 1442 1092 1500 Troicis

219 1562 222 1569 ·
263 1530 364 1590 Odere
389 1529 485 1599 multi,
504 1530 558 1589 sed
577 1531 681 1589 favent
701 1529 887 1605 paucissimi.

261 1617 445 1690 Isthuncquc
464 1616 590 1673 fructum
614 1623 710 1674 morte
731 1615 867 1690 percipio
892 1620 952 1670 tua.

262 1701 355 1759 Perii.
376 1700 447 1776 quid
469 1701 564 1778 ergo?
583 1700 736 1776 quomodo
758 1708 799 1772 te,
820 1701 954 1773 inquam,
974 1714 1086 1753 exuam

186 1785 437 1849 1025Dirissumo
457 1786 558 1845 isthoc
579 1786 675 1845 ense?
698 1786 753 1844 sub
777 1785 859 1860 quali
878 1784 938 1841 heu
959 1782 1016 1840 tibi

263 1870 420 1930 Carnufioe
440 1872 504 1929 ¹vita
524 1871 634 1947 periit?
656 1870 772 1928 Hector
794 1869 937 1945 denique,

261 1955 330 2014 Nec
348 1975 386 2013 ne
410 1956 540 2028 sciebas,
564 1964 595 2013 te
615 1956 743 2031 peremit
768 1963 910 2012 mortuus.

262 2041 370 2099 Videte
393 2059 483 2099 casus
505 2059 559 2114 per
576 2039 663 2098 Deos
687 2041 778 2097 duum
802 2040 909 2097 virum.

261 2125 333 2196 Illo,
357 2124 438 2200 quod
457 2125 538 2182 Aiax
561 2134 744 2197 muneraret,
762 2125 872 2183 »balteo

187 2221 254 2274 1030
265 2210 422 2268 Traiectus
446 2208 596 2267 Hectore
618 2210 770 2269 curulibus
792 2210 880 2282 rotis,

262 2295 413 2371 Raptatus
436 2312 533 2371 usque
554 2303 602 2354 est
622 2295 760 2355 donicum
786 2296 1016 2370 exspirasceret.

248 2380 379 2440 ‘Contra
398 2380 457 2439 iste
478 2381 601 2455 capiens
622 2398 731 2445 munus
755 2379 839 2438 illius
863 2400 964 2453 manu,

264 2467 405 2524 Incubuit
426 2465 483 2539 illi,
506 2475 602 2525 morte
623 2484 766 2541 pessuma
788 2464 910 2524 cadens.
955 2528 957 2531 ,

263 2553 383 2625 Mirum,
403 2551 435 2608 ui
456 2559 613 2628 utrumque
633 2569 753 2622 munus,
775 2568 877 2608 ensem
900 2551 979 2609 huuc
1001 2553 1121 2614 seilicet

188 2644 254 2697 1035
263 2636 367 2708 Furia,
387 2643 417 2692 et
437 2635 468 2692 id
492 2636 590 2695 Orcus
612 2636 767 2694 fabricarit
785 2635 927 2693 balteum.

244 2722 330 2798 =Egu
353 2738 465 2778 censeo
487 2721 557 2781 ista.
588 2721 711 2779 attalia
731 2720 873 2796 pleraque
896 2721 998 2779 omnia

197 2830 199 2835 ’
263 2805 350 2865 Deos
373 2824 531 2880 supremos
550 2806 583 2863 in
605 2806 745 2865 homiues
767 2803 910 2863 molirier.
1061 2875 1063 2881 Ι

264 2891 398 2949 Diversa
419 2891 473 2949 sed
497 2892 548 2965 qui
569 2893 671 2964 sentit,
697 2899 749 2948 aut
770 2890 832 2947 alia
854 2891 966 2962 omnia,

266 2975 424 3036 Sententia
446 2995 502 3034 sua
525 2985 584 3035 stet
604 2977 668 3049 ille,
692 2995 748 3052 ego
770 2995 847 3033 mea.
1080 2968 1088 2980 ’

190 3072 256 3126 1040
266 3060 321 3120 Ch.
366 3061 543 3121 Orationem
564 3062 737 3136 comprime,
768 3068 857 3136 atque
879 3068 911 3117 ut
933 3060 1013 3117 hunc
1033 3062 1139 3121 virum

263 3147 391 3205 Mendes
414 3147 587 3222 sepulchro,
613 3147 721 3221 quidve
744 3145 838 3217 dicas,
861 3145 995 3221 provide,

264 3231 361 3290 Adest
380 3251 487 3307 parum
507 3233 553 3290 vir
570 3250 701 3306 aequus3
727 3239 757 3288 et
776 3231 856 3290 forte
876 3230 1009 3302 advenit,

263 3316 379 3393 Utpote
397 3317 559 3394 malignus,
586 3325 693 3374 nostra
710 3324 744 3373 ut
760 3316 888 3375 insultet
905 3314 994 3372 mala.

266 3400 342 3483 Teu.⁴
366 3401 444 3476 Quis
466 3409 522 3474 eat,
543 3403 581 3460 ab
598 3402 667 3476 ipso
688 3419 776 3476 quem
800 3400 887 3460 vides
908 3399 1064 3459 exercitui

95 3519 100 3530 ·
191 3498 257 3552 1045
268 3484 322 3544 Ch.
366 3487 540 3546 Menelaus:
559 3487 598 3559 is,
621 3486 668 3543 cui
690 3486 800 3544 classis
821 3487 884 3544 ista
900 3484 1016 3542 militat.

266 3569 341 3628 Teu.
366 3570 483 3630 Video:
504 3572 693 3657 propinquus
715 3589 782 3629 cum
801 3571 851 3643 sit,
874 3569 1001 3657 agnosci
1019 3576 1129 3644 potest.
