2532 4216
518 350 667 443 —17—

178 516 208 575 O
229 515 302 576 Orci
321 516 408 576 vobis
431 517 470 575 ah
491 519 633 578 malosit
655 520 814 579 tonebruat

128 602 214 660 Tam
239 600 350 659 bellum
374 602 458 664 nobis
480 604 624 679 rapuistis
647 622 805 681 passorem
823 605 956 681 iniquae.

178 687 207 746 0
228 686 455 746 malefactum!
479 709 497 747 o
518 689 561 747 mi
581 708 699 765 passer,
721 696 807 748 atrox
827 690 962 749 facinual

127 775 214 832 Ecce
236 779 289 829 tua
311 789 422 831 caussa
443 781 564 833 nostrae
586 775 750 832 tumefacta
770 776 891 851 puellae

175 857 368 933 Turgescnnt
389 857 480 917 salsis
501 858 616 925 lumina
636 859 812 919 lacrimulis.

130 984 163 1041 9.
207 982 340 1042 Porodio
359 987 400 1042 od
412 985 565 1043 Piaculum
589 982 697 1044 Catulli
719 986 776 1063 [l],
800 990 831 1044 ia
857 982 1047 1059 Causidicum,

280 1071 329 1144 qui
350 1071 447 1127 relicto
464 1072 534 1145 foro
556 1074 754 1146 coquinarium
767 1073 910 1147 faciebat.

129 1154 284 1212 Patronus
305 1153 369 1226 ille,
393 1173 481 1228 quem
506 1155 614 1214 videtis
637 1156 782 1233 hospites,

132 1237 190 1296 Ait
210 1237 307 1296 fuisse
327 1237 464 1317 litigator
483 1242 628 1316 optimus;

131 1322 245 1398 Neque
264 1323 355 1382 ullius
378 1325 522 1383 minantis
545 1326 689 1402 impetum
711 1326 769 1383 fori

131 1407 290 1482 Nequisse
312 1408 457 1483 detinere,
482 1410 546 1468 sive
569 1411 732 1468 crastinum

130 1493 257 1551 luberet
278 1488 436 1569 ampliare,
460 1512 514 1552 seu
535 1495 743 1571 perendinum.

130 1579 175 1635 Et
195 1577 251 1635 hoo
273 1586 365 1655 negat
389 1579 499 1639 feracis
519 1580 700 1655 Aquitaniae

129 1662 258 1739 Negare
276 1682 357 1735 rura,
380 1664 612 1738 vasconumque
633 1664 757 1736 limites,

131 1747 274 1807 Caduroa
292 1749 407 1826 iugera,
430 1760 460 1806 et
482 1750 624 1806 Rbutena
646 1767 772 1825 pascua,

130 1833 330 1905 Lemovices,
352 1841 512 1909 truoesque
535 1833 748 1911 Petragoriost

131 1918 196 1977 Ubi
219 1918 279 1976 iste
300 1927 370 1994 post
392 1927 549 1994 patronus,
572 1929 661 1977 antea
682 1919 740 1977 fuit

129 2004 171 2060 In
194 2003 268 2059 urbe
288 2003 398 2061 scriba.
439 2003 520 2061 Nam
541 2003 706 2063 forensium
726 2004 756 2060 in
779 2021 870 2080 grege

130 2089 292 2161 Loquente
314 2107 406 2165 saepe
427 2088 606 2165 scriptitavit
626 2090 746 2147 arbitro.

130 2178 274 2232 Amoene
299 2173 422 2246 Tarnis,
446 2182 476 2231 et
497 2172 654 2233 Garumna
675 2173 824 2250 corniger,

132 2258 208 2316 Tibi
230 2258 305 2315 haec
323 2258 421 2317 fuisse
441 2268 471 2316 et
492 2278 561 2318 esse
585 2259 792 2337 cognitissima

132 2342 190 2401 Ait
208 2350 371 2418 patronus:
393 2343 499 2401 ultima
517 2364 556 2402 ex
579 2346 695 2422 origine
748 2402 750 2405 ,

133 2427 212 2485 Tuis
235 2427 333 2486 fuisse
354 2428 454 2487 scriba
473 2429 545 2486 dicit
566 2430 705 2487 urbibus:

133 2512 213 2570 Tuis
234 2521 380 2588 patronus
403 2513 539 2571 adfuisse
556 2514 682 2571 civibus.

133 2598 177 2655 Et
194 2597 266 2654 inde
289 2605 335 2655 tot
354 2617 410 2674 per
430 2599 619 2658 exsecranda
640 2599 775 2674 praemia

136 2680 254 2758 Stipem
279 2681 398 2755 tulisse,
419 2684 518 2756 laeva,
539 2683 604 2741 sive
625 2684 750 2741 dextera

136 2765 267 2826 Sonaret
288 2786 376 2838 aere3
400 2769 464 2827 sive
485 2777 642 2843 utramque
663 2768 802 2846 Iuppiter

136 2850 233 2911 Simul
257 2862 384 2910 sonante
405 2854 542 2930 tange'ret
560 2854 702 2929 pecunia:

135 2935 246 3013 Neque
266 2937 330 2995 ulla
351 2945 420 2996 vota
440 2940 641 3015 quaestuariis
666 2940 724 2998 diis

137 3020 205 3082 Sibi
222 3041 292 3081 esse
312 3022 403 3095 facta,
427 3041 493 3081 oum
515 3023 627 3081 rediret
647 3043 665 3080 a
685 3025 747 3082 foro

135 3107 236 3165 Lucro
260 3116 405 3185 gravatus
427 3126 523 3183 usque
546 3108 693 3184 propriam
716 3109 844 3166 domum.

136 3190 201 3251 Sed
223 3194 301 3250 haec
318 3194 402 3268 prius
419 3193 518 3250 fueret
543 3211 621 3250 nunc
645 3193 759 3251 cibaria

135 3277 258 3354 Ligurit
277 3285 378 3350 uncta,
404 3296 496 3352 seque
516 3285 672 3335 consecrat
692 3279 747 3336 tibi

137 3359 250 3420 Culina
273 3363 370 3435 dives,
391 3371 421 3420 et
441 3362 541 3419 culina
556 3362 667 3420 divitis.

449 3489 495 3547 10.
542 3491 625 3547 Idem
646 3489 739 3547 aliter.

137 3574 274 3652 Magirus
298 3575 352 3633 ille
373 3592 462 3650 quem
484 3573 593 3633 videtis
616 3574 765 3649 hospites,

827 3683 846 3742 2
