2560 4216
642 421 791 517 joo-

259 588 335 670 pcc
538 583 581 649 ‘H
603 592 699 670 γραῦς
719 589 739 668 ἡ
762 584 902 671 Βάκχου.

256 675 413 735 Pernicies
435 673 564 735 culicum
581 674 705 748 Baucis,
728 676 799 733 dum
821 676 902 751 forte
924 675 1038 735 iaceret
1085 742 1088 745 ,

299 761 412 838 Aegra,
428 760 498 823 Iovi
516 760 594 820 tales
615 760 748 837 concipit
767 779 820 820 ore
841 779 966 837 preces:

258 843 294 907 Si
315 844 414 904 morbi
436 845 512 903 dura
532 846 608 904 hoec
628 845 771 906 incendia
789 845 909 922 fugero,
931 853 1052 906 centum

301 927 392 991 Soles
416 930 454 989 de
475 949 550 1007 puro
568 950 632 993 nou
651 929 712 990 uisi
732 931 818 989 fonte
840 931 942 989 bibam

257 1014 378 1088 Sobria,
398 1022 571 1091 temetoque
593 1033 710 1074 cerens.
737 1023 811 1092 post
830 1014 937 1075 functa
954 1014 1073 1092 periclo

299 1101 383 1161 Luce
404 1100 461 1159 illa
478 1100 532 1159 tali
553 1100 667 1178 cogitat
686 1107 753 1158 arte
774 1099 892 1161 dolum:

257 1183 344 1259 Quod
367 1193 469 1243 versat
488 1185 639 1258 manibus,
670 1204 726 1262 per
748 1185 853 1243 crebra
868 1182 1020 1244 foramina
1041 1184 1172 1243 cribrum

297 1269 437 1346 Inspicit,
460 1278 490 1328 et
507 1270 593 1333 soles
613 1270 725 1329 callida
744 1269 827 1328 mille
847 1270 937 1327 videt.

259 1435 330 1519 β47
478 1431 613 1496 ”libains
638 1433 674 1496 οὐ
697 1432 812 1518 χρυσόν
833 1434 947 1497 τεκαὶ.

258 1521 398 1599 Optarim
420 1521 496 1580 mihi
515 1541 578 1581 non
598 1540 715 1596 aurum,
734 1541 794 1580 non
816 1521 929 1598 oppida
947 1529 1059 1596 tense,

299 1605 370 1665 Non
389 1626 465 1682 quas
486 1605 660 1667 Thebarum
683 1609 776 1666 iactat
796 1607 949 1666 Homerus
971 1627 1065 1684 opes:

255 1692 369 1752 Verum
388 1700 422 1750 nt
442 1692 535 1769 plena
553 1712 636 1753 mero
659 1700 803 1770 spument
821 1691 895 1751 mihi
913 1693 1026 1769 pocula
1035 1692 1172 1766 Baccho,

300 1776 484 1852 Summaque
500 1786 667 1855 perpetuus
685 1778 809 1855 proluat
828 1796 881 1837 ora
903 1776 1006 1839 latexr

257 1861 386 1939 Semper
407 1863 572 1921 amicorum
591 1864 702 1920 circum
724 1869 852 1939 potante
877 1880 1000 1936 corona,

298 1946 339 2005 m
359 1947 452 2004 vitem
473 1948 625 2024 agricolae
645 1947 724 2005 falce
745 1960 902 2023 premente
924 1946 1033 2006 colant.

257 2031 354 2103 Haec,
378 2039 588 2107 quassector,
612 2051 704 2108 opum
727 2041 798 2091 sunt
820 2041 1006 2109 argumenta.
1029 2031 1131 2090 valete
1171 2048 1175 2059 ¹
1269 2052 1270 2099 3

298 2116 425 2187 Fasces,
446 2134 514 2174 cum
536 2126 625 2176 teneo
645 2117 754 2193 pocula
776 2117 869 2194 plena
889 2136 990 2176 manu.

257 2284 305 2360 γ1
521 2280 716 2366 Σωφροσύνη,
737 2282 916 2367 προφέρων.

256 2369 379 2428 Iustitia
399 2377 469 2428 anie
492 2388 597 2429 omnes
618 2370 824 2447 praestantior
844 2378 935 2447 atque
954 2370 1069 2446 pudore
1142 2406 1148 2415 ι

300 2454 378 2514 Dius
400 2455 569 2519 Aristocles
594 2457 652 2515 hec
668 2457 832 2532 requiescit
853 2458 955 2514 humo.

258 2538 293 2601 Si
313 2541 364 2599 cui
385 2558 478 2616 supra
498 2542 578 2601 alios
601 2561 741 2619 magnum
763 2541 914 2617 sapientia
930 2558 1044 2599 nomen

299 2625 399 2684 Fecit:
422 2627 520 2687 maius
540 2628 642 2700 habet,
663 2646 719 2685 neo
741 2644 840 2686 comes
861 2625 976 2685 invidia
997 2633 1053 2685 eac

256 2793 304 2871 γ9
514 2789 633 2875 ”Afinio
655 2790 731 2876 μηδ’
754 2791 905 2873 ἐγένοντο.

195 2900 200 2911 ’
258 2877 286 2941 O
309 2878 337 2937 si
358 2894 415 2936 nec
436 2878 535 2950 tedae,
557 2897 615 2938 nec
635 2880 706 2939 lecti
725 2880 793 2939 iura
813 2880 954 2951 fuissent,

298 2960 394 3021 Nulla
409 2964 562 3040 puerperii
582 2965 644 3023 tela
664 2965 822 3025 tremenda
843 2966 954 3022 forent.

256 3044 347 3106 Nunc
367 3048 463 3121 sedet,
486 3057 517 3106 et
535 3049 638 3108 lentos
660 3058 803 3127 expectat
823 3049 955 3107 foemina
975 3056 1094 3124 partus,

298 3134 357 3192 Ast
375 3132 448 3190 duro
469 3134 640 3201 exanimum
663 3144 768 3194 ventre
785 3143 918 3193 moratur
941 3152 1028 3192 onus.

255 3216 322 3275 Iam
343 3226 405 3276 tres
429 3217 636 3296 circumagens
662 3221 752 3279 orbes
772 3220 826 3278 lux
841 3219 985 3295 explicat,
1007 3238 1046 3277 ex
1067 3236 1125 3293 quo

298 3302 471 3361 Frustratur
489 3321 619 3363 nascens
640 3303 726 3362 irrita
748 3313 820 3365 vota
841 3322 927 3381 puer.

257 3384 391 3458 sitnisi,
412 3386 504 3444 chare
523 3388 637 3464 puelle,
658 3388 736 3450 levis
758 3397 931 3460 nanterre,
954 3387 1010 3447 sed
1029 3385 1125 3445 alvus,

297 3470 345 3531 Te
369 3471 480 3548 premit
500 3472 585 3546 haec,
606 3481 687 3532 terra
709 3483 756 3534 est
776 3492 834 3534 nec
856 3472 1017 3533 subeunda
1037 3471 1102 3530 tibi.
