2604 4210
641 349 790 446 Q

261 520 455 593 Omnituens,
476 520 629 579 hominum
651 530 790 581 scrutans
813 519 956 578 mortalia
979 521 1084 594 corda,

260 607 396 666 heterna
421 613 451 662 et
470 606 652 678 veneranda,
676 605 778 665 colens
801 604 870 664 sola
889 625 982 664 aurea
1005 607 1083 678 iura,

262 688 347 764 Quae
365 690 464 749 varios
487 700 586 749 mutas
609 690 733 748 humani
755 685 880 766 pectori'
902 692 1022 764 fluctus,

261 776 360 852 Quam
387 784 558 854 agnoscunt
576 776 656 835 iuste
670 776 831 834 haerentes
847 777 1046 854 compagibus
1061 795 1178 836 omncs.

260 860 342 920 Nam
363 860 444 919 nosti
462 860 605 919 interiora
626 861 812 932 animorum3
834 860 914 918 haud
934 869 965 918 te
984 862 1081 919 lateat
1091 878 1179 921 mens

260 945 443 1006 Detrectans
465 941 583 1004 rationi’
607 947 721 1024 iugum,
746 945 915 1022 cuppedine
934 945 1049 1021 iniqua.

262 1028 379 1091 (lancta
396 1030 502 1104 tueris,
522 1038 629 1089 cuncta
649 1030 746 1102 audis,
768 1038 876 1088 cuncta
898 1030 1127 1091 admoderaris:

260 1115 298 1175 In
321 1125 352 1174 te
372 1122 454 1175 stant
474 1115 613 1175 mortalia
635 1116 718 1188 iura,
739 1115 901 1191 potissima
921 1115 999 1187 Dia;

260 1201 355 1261 Adsis
377 1201 573 1276 praestitibus
595 1201 664 1279 puri
686 1200 766 1260 sacri
786 1200 971 1272 auxiliatrix,

260 1285 312 1346 Da
329 1286 466 1363 placidas
483 1285 608 1344 rationis
629 1305 714 1368 opes,
736 1285 881 1344 cohibens
901 1286 1025 1343 inimica

263 1369 413 1442 Consilia,
433 1370 620 1443 insidiantia,
638 1370 754 1445 iniqua,
779 1371 921 1448 superba,
946 1371 1077 1429 nefasta.

263 1539 299 1598 dl
475 1539 571 1597 Divae
594 1542 729 1598 Iustitiae
751 1540 891 1615 suffimen,
913 1549 966 1598 tus.

261 1623 401 1683 Iustitiae
424 1624 562 1683 obtestor
581 1625 724 1700 pulchrae
747 1624 942 1682 omnituentis
963 1623 1107 1697 ocellum,

262 1710 311 1770 Ad
333 1705 407 1767 Iovi’
433 1709 592 1769 Dictatori’
611 1711 698 1769 sedet
714 1727 791 1784 quae
810 1709 928 1768 illustre
949 1709 1093 1783 tribunal,

264 1791 401 1854 Coelitus
425 1795 591 1854 endotuens
611 1814 714 1854 mores
735 1793 907 1853 mortalium
927 1793 1107 1867 homonum,

262 1881 362 1954 Atque
383 1880 476 1938 ultrix
497 1880 635 1957 plectens
653 1881 785 1938 humana
804 1878 940 1937 halantia
956 1879 1048 1952 facta,

262 1964 312 2024 Ex
333 1982 428 2039 aequo
448 1965 511 2024 veri
533 1965 717 2044 coniungens
740 1963 886 2042 disparile
907 1983 1006 2023 omne.

262 2048 346 2109 Nam
366 2068 563 2124 quaecunque
583 2049 657 2108 viris
684 2050 834 2109 sententia
855 2050 991 2127 pessima
1011 2049 1121 2121 suasit,

265 2132 414 2193 Consiliis
435 2134 508 2192 diris
528 2134 653 2192 infanda
676 2130 843 2194 volentibu’
866 2153 1014 2210 quaeque,

266 2216 339 2280 Sola
353 2218 455 2294 iugum
478 2219 636 2294 imponens
657 2219 780 2280 iniustis
802 2221 870 2279 iura
890 2219 1049 2289 ministris,

263 2303 452 2368 Iniustorum
473 2304 583 2377 hostis,
605 2302 752 2365 Senatum
774 2305 856 2364 mitis
878 2305 985 2361 amica.

264 2389 378 2449 Verum
400 2388 482 2448 adsis
509 2408 630 2466 semper
649 2390 751 2449 fausto
768 2390 838 2450 Dea
856 2390 978 2447 numine
1000 2389 1092 2461 iusta,

264 2474 348 2534 Vitai
367 2482 400 2532 ut
421 2476 523 2533 veniet
544 2475 626 2548 finis,
648 2494 739 2550 quam
760 2477 861 2535 Morta
883 2475 1002 2552 profeta
1022 2482 1078 2533 est.

266 2643 306 2702 62
459 2645 556 2703 Dicae
574 2645 739 2720 Aequitotia
760 2644 900 2719 suffimen,
921 2653 974 2702 luc.

267 2727 396 2788 Obona
418 2747 489 2786 cura
510 2730 677 2802 hominum,
696 2728 842 2805 locuples,
862 2728 1032 2788 iustissima
1051 2728 1151 2806 virgo,

266 2810 395 2891 Semper
416 2832 522 2873 amans
545 2815 685 2873 homines
707 2814 848 2892 aequalia
865 2815 933 2873 iura
952 2813 1096 2883 colentes,

266 2898 295 2959 Ο
320 2900 503 2973 veneranda,
526 2900 616 2958 beata
634 2899 714 2973 Dea,
735 2920 753 2958 o
774 2899 877 2957 Iuritis
900 2900 1025 2971 honora,

265 2982 357 3042 Puris
379 2984 498 3044 iudiciis
519 2985 703 3067 'dispensans
725 2985 841 3062 optime
859 2985 937 3065 iura,

264 3066 334 3127 Nec
352 3077 484 3128 mentem
503 3070 662 3129 labefacta.
685 3069 796 3128 etenim
820 3078 945 3128 cunctos
966 3067 1134 3128 labefactas

266 3153 328 3229 Qui
349 3163 401 3212 tua
422 3175 484 3214 non
507 3155 627 3214 subiere
651 3155 721 3213 boni
742 3155 824 3233 iuga,
849 3154 902 3213 sed
922 3154 1020 3231 magis
1039 3154 1109 3229 ipsa

265 3237 418 3311 Indomiti,
442 3240 583 3299 horrifice
605 3240 757 3299 declinant
782 3240 910 3298 verbera
931 3238 1026 3316 flagri.

267 3320 416 3398 concors,
437 3326 577 3384 omnibus
599 3344 705 3400 aequa,
731 3332 870 3396 venusta,
897 3323 1043 3396 dicacula,
1070 3324 1177 3394 amica,

266 3409 372 3467 Munia
392 3410 478 3487 pacis
498 3430 615 3483 amans,
635 3418 734 3469 certae
755 3410 950 3486 cupidissima
968 3409 1058 3467 vitae.

265 3491 348 3552 Nam
370 3494 440 3571 plus
462 3496 653 3570 deteriusque
676 3495 778 3567 odisti,
803 3503 833 3553 et
854 3495 955 3572 diligis
980 3512 1119 3571 aequum.

267 3577 306 3641 Iu
323 3585 355 3660 te
377 3579 468 3641 habet
488 3582 601 3653 virtus„
616 3581 649 3638 in
672 3588 702 3639 te
720 3581 875 3659 sapientia
887 3580 988 3640 finem.
