2502 4218
469 374 619 470 Α
747 364 751 372 .

79 538 141 605 Ὧν
155 539 240 624 ,κέαρ
260 543 353 625 πηλῷ
373 534 537 615 σέσακται.
550 541 601 603 καὶ
625 539 812 625 δυσεκνίπτῳ
831 541 924 624 τρυχί.

76 623 122 688 Ὠ
139 623 228 693 πόλις
240 624 339 701 πόλις,
362 622 501 708 εδτυχεῖς
514 646 549 705 γε
564 626 692 707 μᾶλλον,
715 623 729 645 “
745 626 849 695 καλῶς
865 628 998 710 φρονεῖς.

78 707 224 793 Ὠ[ι]περ
246 709 304 772 ούκ
329 706 482 793 ἐχρήσατ’
502 705 538 771 άν
558 731 602 777 τις
624 706 695 770 οὐδ’
712 647 751 776 ές
771 706 931 792 όξυθόμια.

81 791 139 862 Ὡς
162 791 226 863 ἄνω
247 794 300 877 τὴν
324 815 387 875 μασ
410 793 486 876 άλην
510 790 645 876 αίρωμεν
672 791 896 875 ἐμπεπωκότες.

82 876 139 955 Ὡς
165 876 225 960 ἐηδι
246 876 372 942 πολλῶν
387 815 535 949 θκο-ύσας,
556 876 627 940 οῖδα
648 877 699 940 τόν
723 875 824 961 ψόφον
851 878 957 963 θρίων.

78 957 202 1047 Ὥσπερ
225 964 257 1026 αἱ
277 964 415 1043 ποῖμναι,
436 961 532 1030 ξένοις
552 961 649 1046 θύραν
673 958 740 1045 ἔχει
757 961 966 1046 τετριμμένην.

80 1041 177 1113 Ὥστε
200 1047 253 1111 καί
273 1069 308 1109 σε
328 1045 381 1114 τοῖς
398 1048 541 1130 χελώνας
561 1049 718 1130 μακαριεῖν
740 1050 795 1109 τοῦ
812 1046 870 1131 ,δίρ
897 1068 978 1114 ατος.

83 1128 214 1215 Ἂχρίου
236 1130 406 1238 βέβρωκας.
423 1128 546 1213 Ἀγαθὰ
566 1131 666 1193 πάντα
687 1127 839 1193 Κιλλικὼν
863 1070 934 1215 έφη.

80 1215 199 1299 Ἀγρὸς
217 1217 236 1298 ή
260 1217 359 1282 πολις.
381 1214 476 1284 Πόλις
499 1216 534 1278 δὲ
557 1211 677 1283 Κέαιος
698 1214 755 1278 οδκ
777 1213 895 1299 ἔχουσα
917 1218 998 1278 νοῦν.

85 1298 190 1363 Ἀλλὰ
212 1300 253 1383 μὴ
274 1301 358 1383 ὥρας
380 1299 485 1362 ἵκοιτο.
507 1296 560 1382 Μή
584 1294 695 1382 λόγους
719 1299 785 1362 ἀντ’
809 1299 956 1384 ἀλφίτων.

79 1383 183 1457 Ἀλλο
207 1384 262 1468 μὲν
284 1384 433 1447 ποίκιλλε.
456 1381 529 1451 Τοῖς
550 1387 683 1467 νεκροῖσι
706 1407 760 1467 συγ
785 1386 922 1468 ρωτίζεο.

84 1465 306 1554 Ἀ[ν]δριάνταἱ
320 1468 520 1551 γαργαλίζεις.
543 1466 711 1551 Πηνικίζειν
736 1491 789 1552 μοι
810 1471 919 1538 δοκεῖς.

83 1554 170 1617 ’Am
196 1553 301 1635 Δήλου
319 1552 379 1634 τήν,
393 1549 583 1638 Καλαυρίαν.
604 1549 761 1636 Ὀρίηανον
786 1553 902 1638 βλέπει.

85 1635 175 1707 Ἀξία
198 1641 253 1700 τού
263 1638 438 1784 Ιβρώματος
458 1637 551 1701 κύων.
574 1635 676 1721 Θύρας
699 1637 876 1720 ἁμαρτάνει.

83 1718 241 1806 Ἀρπαηαὶ
294 1723 464 1793 οτυττίοιρι.
487 1719 549 1804 Τῆς
572 1719 880 1803 Παλαιτύρου.κακά.

84 1803 224 1874 Ἀττικὸς
244 1806 402 1889 πάροικος.
418 1803 563 1889 ’Άστροις
580 1805 633 1887 τήν
659 1806 731 1869 όδδν
753 1808 965 1890 τεκμαίρομεν.

86 1891 187 1954 Αὑτὸν
210 1888 247 1953 ού
270 1887 391 1974 τρέφων
407 1890 500 1958 κύνας
514 1887 643 1974 τρέφεις.
666 1887 689 1951 Γ
693 1888 772 1958 έλως
791 1891 997 1975 συηκρούσιος.

82 1973 332 2061 Ἀχριχείλους.
345 1971 516 2059 Κυζικηνόν
539 1973 655 2059 βάμμα.
678 1971 816 2058 Μνήμων
835 1976 998 2062 συμπότης.

87 2055 295 2143 Βατταρίζειν.
317 2055 446 2121 Μᾶλλον
468 2060 488 2142 ἦ
512 2059 545 2122 τδ
569 2063 665 2143 γήρας
685 2057 784 2136 ἐκδὺς,
806 2060 931 2144 ήδομαι.

87 2138 327 2227 Βιβλιαίηισθος.
347 2142 449 2206 Λάλον
475 2145 503 2206 τὶ
522 2145 574 2207 καὶ
591 2144 776 2228 πυριρβαηὲς
799 2148 921 2230 ψυφεῖς.

89 2224 214 2291 Γλαῦκα
235 2227 457 2311 Λαυριωτικήν.
478 2227 502 2291 Γ
505 2233 623 2296 ενναῖος
645 2227 679 2293 ἐκ
700 2229 894 2313 βαλλαντίου.
1003 2300 1008 2309 x

32 2340 35 2347 ·
88 2308 227 2382 Γλαῦκος
251 2312 345 2401 ἄλλος
369 2311 572 2398 ίππύβρωτος.
594 2309 648 2382 Εἷς
670 2312 753 2387 θεὸς,
773 2315 884 2376 πολλοὶ
906 2317 1000 2400 φιλοι.

90 2391 355 2480 Γλωσσογάστωρ.
380 2393 425 2460 Ού
445 2422 472 2461 τι
493 2398 608 2482 ’ραδίως
630 2396 779 2479 ἀληθεύει
799 2395 894 2467 Κιλιί.
916 2458 921 2469 ,

90 2475 188 2563 Γραῦς
211 2480 350 2567 χορεύει.
370 2482 474 2567 Λυδίῳ
495 2460 554 2563 νόμ
583 2527 590 2542 .
612 2479 725 2545 Κακῶν
745 2482 920 2565 πανήγυρις.

91 2558 207 2647 Γυμνδς
232 2569 275 2633 ὡς
296 2565 330 2628 ἐκ
351 2567 464 2648 μητρὸς
487 2565 523 2628 εἷ.
539 2507 655 2629 ”Kaous
674 2565 752 2628 τάπὸ
776 2566 913 2649 καρδίας.

90 2644 246 2717 Δαιδάλου
271 2652 419 2735 μάχαιρα.
442 2648 608 2713 Νουθετιῖιν
632 2647 683 2732 ἐρ’
707 2648 798 2717 αὐτὸς
818 2651 950 2721 αἰπύλει.

91 2728 221 2816 Λακρύει
246 2732 421 2817 Μεγαρεύς..
442 2734 621 2802 Λακωνικὰς
645 2735 776 2818 σελήνας
795 2758 846 2817 μοι
866 2735 973 2821 λέγεις.

90 2807 139 2887 Εἰς
157 2817 328 2903 Ἂφάννας.
349 2817 457 2903 Ἄηρία
478 2819 611 2901 μέλιττα.
638 2818 745 2903 Θησαυ
767 2822 801 2887 δς
822 2826 935 2885 κακῶν.

88 2892 217 2982 Ἐμπολ“
258 2903 419 2966 Φοίνισσα.
442 2900 511 2988 Βέμ
534 2927 597 2974 ικος
619 2904 714 2987 δίκην.
757 2908 776 2986 ή
799 2900 928 2988 ’Κυρνία

89 2975 189 3080 ΞΕντδς
206 2927 360 3071 έβδόμης.
383 2985 460 3050 Νυνὶ
481 3012 498 3072 γ
518 3012 598 3052 νοιτο
622 2988 762 3070 σωθῆναι
785 2987 888 3069 μόνον.

98 3060 222 3152 Εββέτω
243 3072 333 3156 φιλος
356 3071 409 3134 σὺν
432 3072 547 3158 ἐχθρῷ.
569 3071 672 3156 Μέχρι
694 3076 747 3153 τῆς
768 3075 945 3155 κορωνίδος.

79 3143 238 3298 »Έσχατος
260 3153 388 3219 Μυσῶν.
418 3155 636 3227 Καταξανοῦσί
656 3154 689 3219 σ’
707 3156 750 3223 εἰς
772 3157 934 3239 φοινικιδα.

91 3226 134 3296 Εὐ
148 3261 173 3309 ,υ
198 3237 362 3325 Πελλήνης
383 3241 531 3304 πέτεσθαι
554 3243 678 3313 διανοεῖ.
702 3237 842 3308 Μυωξία.

92 3308 215 3393 Εύυοῶν
237 3326 383 3408 σφάκτης.
408 3322 447 3388 Τί
468 3327 583 3409 φάτταν
606 3326 671 3389 ἀντὶ
693 3328 746 3407 τῆς
768 3329 961 3409 περιστερᾶς;

92 3391 186 3486 ,Εύρεν
211 3408 232 3470 ἁ
255 3409 353 3478 λοπὰς
367 3411 400 3473 τδ
423 3413 527 3491 πῶμα.
550 3409 732 3494 Πρδςοίλας
752 3408 967 3493 ήηορασμένοι.

91 3475 185 3581 ΞΗλίιρ
205 3493 239 3555 τδ
265 3497 332 3576 φῶς
351 3494 507 3565 δανείζεις.
530 3494 693 3581 Ἀμφορής
712 3493 902 3577 νενασμένοι.

102 3561 205 3658 Ηρένη
228 3576 428 3647 πελειάς.ού
453 3580 612 3644 δάκνουσιν
641 3579 670 3643 οἱ
691 3577 880 3662 τεθνηκότες.
