2532 4216
683 347 723 407 56

632 433 782 441 ——-..

291 506 458 572 Versicnlis
480 515 603 591 spirans
626 537 688 576 vox
709 519 843 575 animata
862 518 945 577 tuis?

247 598 375 673 Accepit
395 599 463 658 dios
483 619 503 657 a
523 607 565 673 ts,
580 620 662 676 ,quos
684 602 835 674 redderet,
858 602 923 675 illa,

290 688 319 744 A
339 683 465 742 Phoebo
485 694 625 762 acceptos
650 686 751 745 reddis
772 696 805 744 ut
823 688 889 762 ipse
911 707 1014 747 sonos.

310 854 361 913 22.
406 856 445 924 Ic
466 856 677 931 Inscriptiooes
698 858 836 931 antiquus
857 857 928 912 Iani
951 856 1078 917 Gruteri.

250 938 400 999 Cadmeas
423 939 515 997 iactet
532 958 585 998 cur
603 940 735 998 mendax
761 939 892 999 Graecia
914 950 1023 1015 turres,

291 1028 354 1087 Aut
371 1025 588 1100 Amphioniam
609 1043 687 1083 saxa
708 1032 812 1084 secuta
830 1026 951 1101 lyram?

248 1111 374 1188 Aspice,
397 1110 477 1185 quod
499 1128 626 1186 surgens
649 1130 711 1168 non
733 1130 829 1187 parva
849 1110 931 1169 mole
956 1113 1108 1172 theatrum

292 1195 415 1254 Gruteri
436 1194 545 1253 struxit
567 1194 697 1252 daedala
717 1214 789 1252 cura
811 1196 881 1253 mei.

248 1281 355 1356 Usque
375 1288 532 1356 pererrato
553 1287 701 1338 terrarum
726 1282 787 1338 fine
807 1281 932 1357 petitus*

169 1364 172 1377 ¹
293 1363 432 1423 Cernitur
453 1383 492 1421 ex
516 1365 599 1422 omni
622 1365 769 1441 plurimus
792 1366 864 1423 orbe
883 1365 972 1442 lapis.

249 1451 411 1508 Armorum
431 1448 480 1507 hic
499 1448 607 1521 titulis,
627 1450 680 1507 ille
704 1459 750 1508 est
771 1450 887 1508 incisus
909 1452 1074 1512 honorum:

293 1532 434 1594 Consulis
455 1534 503 1590 hic
523 1534 618 1611 fulget
634 1535 786 1606 laudibus,
811 1535 863 1592 ille
885 1535 979 1595 ducis.

248 1618 408 1678 Nobilium
428 1618 567 1676 decorum
590 1628 705 1692 custos,
729 1618 869 1691 Grutere,
892 1620 1038 1680 Vetustas

290 1704 447 1781 Explicuit
469 1723 579 1763 census
601 1705 633 1785 iu
656 1714 708 1762 tua
728 1714 801 1764 vota
824 1724 905 1764 suos.

251 1787 371 1866 Scripta
390 1797 436 1848 tot
458 1789 576 1867 elogiis,
599 1798 645 1848 tot
668 1790 776 1849 dissita
795 1790 919 1848 sedibus
940 1790 1023 1863 olim,

265 1866 328 1931 'In
348 1874 451 1933 titulos
475 1874 574 1933 laudis
598 1894 679 1932 nunc
700 1878 800 1934 coiere
823 1883 902 1932 tuae.

216 2089 220 2100 .
250 2043 301 2101 23.
315 2044 354 2100 In
363 2044 526 2100 Abrahamt'
538 2042 657 2101 Gerlacc'
664 2044 912 2119 Dactyliothecam
923 2055 951 2102 et
961 2043 1163 2108 Gammausa

251 2126 337 2188 Sicut
360 2130 397 2185 ab
420 2127 529 2185 anellis
552 2127 684 2202 lapides,
706 2136 736 2185 ct
754 2129 833 2186 flava
855 2148 988 2187 sororum

292 2210 472 2271 Transferrc
493 2213 524 2269 in
547 2212 657 2271 calices
678 2213 801 2271 succina
819 2215 908 2272 ludus
930 2224 1010 2273 erat:

251 2295 303 2358 Sic
325 2317 342 2355 e
364 2296 499 2357 thesauri
520 2298 619 2355 medio
641 2297 792 2358 Gorlaeus
815 2300 847 2357 in
868 2300 959 2359 istum

292 2383 360 2442 Has
379 2401 515 2461 gemmas
537 2383 647 2441 librum
668 2385 823 2442 transtulit
843 2386 911 2461 ipse
936 2384 996 2443 sui:

249 2467 292 2526 Ut
313 2487 390 2543 quac
408 2469 460 2526 vix
482 2476 624 2543 poterant
644 2470 709 2527 auri
730 2471 867 2526 mercede
887 2469 998 2544 parari,

292 2552 359 2613 Has
380 2554 433 2612 vili
451 2561 555 2629 partas
575 2554 688 2613 Lector
710 2556 834 2613 haberet
855 2573 938 2631 opes.

251 2639 369 2712 Musae,
390 2657 467 2714 quae
493 2638 590 2697 doctis
612 2640 810 2716 scriptoribus
833 2639 1056 2715 atque.libellis

292 2724 333 2781 Et
356 2725 447 2782 decus
471 2733 501 2780 et
522 2724 640 2782 laudem
666 2725 801 2801 praemia
819 2743 888 2782 rara
909 2724 999 2797 datis,

250 2808 382 2869 Gorlaeo
403 2829 419 2866 e
440 2811 551 2868 vestris
570 2811 696 2888 gemmis
720 2817 884 2886 properate
907 2826 1063 2868 coronam.

294 2892 350 2954 Sin
372 2895 485 2966 minus,
506 2914 522 2952 e
543 2896 671 2972 gemmis
694 2896 826 2952 instruat
847 2895 899 2952 ille
922 2893 995 2952 suis.

210 3092 214 3099 ¹
250 3062 319 3128 24„
342 3066 381 3122 Io
405 3069 517 3140 priscos
542 3067 651 3123 Titulos
679 3073 706 3120 et
732 3064 912 3121 Munimentu
939 3064 1163 3121 Bratantiaea
1255 3046 1256 3117 J

329 3151 440 3208 Fraus.
464 3150 602 3209 Sweerts'o
626 3152 685 3207 cicc
709 3149 924 3224 Aotwerpieasi
945 3148 1073 3206 collecta.

250 3235 455 3310 Quaecunque
474 3236 506 3292 in
530 3233 647 3311 patriae
669 3233 877 3309 penetralibus
897 3233 999 3291 abdita
1020 3233 1131 3307 priscis
1155 3246 1157 3251 “
1255 3258 1256 3269 ’

290 3319 349 3377 Vel
369 3321 453 3379 saxis
474 3327 617 3397 poterant
637 3336 738 3390 caesa,
761 3319 809 3376 rol
833 3338 904 3375 aere
924 3317 996 3394 legi,

249 3402 335 3477 Quas
353 3405 437 3462 nulla
460 3403 588 3475 utilitas,
611 3423 671 3459 non
694 3403 791 3480 gratia
810 3411 892 3461 certa
910 3403 1062 3475 manebat,

290 3489 371 3546 Dum
393 3507 502 3566 sparsa
524 3489 554 3545 in
577 3488 668 3546 variis
688 3489 811 3547 sedibus
832 3487 887 3544 illa
908 3489 1020 3559 iacent,

249 3572 379 3635 chertr
399 3590 471 3631 cura
493 3573 598 3651 legens
626 3592 734 3651 corpus
757 3572 904 3631 conduxit
920 3573 952 3630 in
975 3591 1077 3643 unum,
