2586 4214
545 320 798 432 ,ὣς

246 506 389 583 Namque
408 507 476 582 ipsa
497 525 645 565 summum
669 507 777 584 diriget
799 506 891 565 telum
912 524 1009 575 manu

177 593 229 649 915
248 593 391 651 Tendens
413 599 515 650 tenum
535 592 637 670 virago
658 594 797 651 Maeoten
819 591 915 649 Tubu.

247 677 351 737 Durae
374 676 413 734 ad
432 677 544 733 fluenta
567 678 617 751 qui
639 685 772 736 cremato
794 676 940 736 acerrimo

248 762 366 825 Leone,
390 761 479 839 valgo
504 761 659 823 dexteram
681 763 809 820 armavit
832 760 945 837 Scytha

249 846 392 918 colubro,
415 846 571 904 volantum
591 847 740 924 pinsitore
762 846 929 924 raspidum.

249 930 370 992 Crathis
394 931 562 1006 sepulerum
586 933 641 991 sed
662 932 775 991 videbit
797 933 905 991 mortui

177 1014 230 1070 900
247 1018 296 1076 Ad
318 1017 379 1074 ima
398 1015 510 1092 templa
527 1016 663 1076 bitientis
686 1016 822 1089 Patarei,

244 1102 308 1163 Ubi
329 1120 438 1161 sonora
458 1109 567 1178 stagna
587 1101 765 1160 Nauaethus
787 1102 890 1159 vomit.
917 1139 920 1145 -

244 1186 351 1263 Ipsum
372 1186 524 1242 necabunt
544 1188 684 1245 Ausones
704 1186 835 1244 Pellenii

246 1272 346 1348 Opem
367 1271 513 1329 ferentem
536 1271 679 1329 Lindiam
698 1272 896 1348 praetoribus,

246 1356 333 1431 Quos
357 1354 539 1430 Thermydri
559 1373 634 1429 quos
658 1354 801 1431 Carpathi
820 1356 900 1432 iugis
922 1357 1032 1432 procul

176 1435 228 1489 925
245 1440 346 1517 Vagus
368 1457 512 1497 coruscus
535 1439 701 1498 Thraecias
720 1441 819 1497 mittet
840 1442 945 1507 oanis

244 1523 330 1583 Novi
351 1524 480 1582 colonos
502 1525 695 1600 hospitiaque
718 1523 860 1600 pulveris.

243 1610 326 1687 Ergo
345 1607 484 1667 Macellis
507 1610 670 1667 maximum
693 1609 837 1684 templum
861 1608 978 1669 incolae

245 1694 342 1753 Busta
365 1701 528 1766 struentes,
551 1714 662 1769 numen
684 1703 840 1752 aeternum
862 1694 965 1755 uolent

244 1779 403 1854 Libisque‚
423 1777 534 1853 opimis
559 1786 589 1836 et
611 1781 700 1838 boum
722 1778 889 1838 nidoribus.

175 1861 228 1915 930
244 1864 344 1922 Faber
367 1861 477 1920 caballi
497 1864 669 1940 Longariae
687 1864 718 1921 iu
743 1864 902 1937 eubilibus,

244 1948 370 2006 Timore
389 1947 496 2005 Martis
517 1955 548 2004 et
563 1957 701 2007 catervae
720 1947 854 2005 Thuriae

213 2079 217 2087 .
244 2032 387 2091 Pendens
407 2033 542 2107 parentia
566 2033 702 2106 peierata
723 2033 858 2104 crimina,

247 2115 332 2189 Quae
351 2133 447 2192 pecua
468 2122 592 2192 propter
613 2124 783 2192 comparata
803 2118 930 2192 praelio,

245 2199 356 2260 Celsae
379 2197 562 2260 Comaethus
583 2200 689 2260 dirutis
710 2202 897 2277 prosimuriis

176 2283 227 2338 935
246 2285 295 2346 Ob
320 2284 485 2361 coniugalis
510 2304 600 2343 curae
623 2304 757 2345 amorem
778 2287 930 2359 uxorium,

244 2372 279 2428 In
303 2369 449 2428 Bellicam
472 2367 642 2446 Cydoniam
664 2370 829 2445 viraginem

245 2454 494 2529 Crestoniumque
512 2457 661 2532 peieravit
680 2457 711 2512 in
732 2454 831 2512 Deum

244 2541 362 2616 Lupum
387 2540 546 2614 Quirinum
568 2540 748 2600 Trossulum
767 2540 991 2615 Flexuminem‚

245 2626 307 2700 Qui
326 2625 527 2683 torminosum
554 2627 704 2703 praelium
724 2624 755 2680 in
779 2623 901 2683 fratrem
925 2626 1008 2685 dedit

177 2709 229 2763 940
246 2710 331 2767 Intra
351 2709 488 2785 parentis
509 2710 644 2768 intimam
667 2709 789 2786 bulgam
813 2710 907 2786 pugil,

243 2793 356 2853 Natale
377 2793 510 2852 nondum
530 2795 607 2852 lueis
629 2796 750 2853 intuens
771 2793 869 2867 iubar,

210 2874 214 2881 ’
244 2878 311 2938 Nee
330 2878 408 2936 liber
430 2897 449 2934 a
464 2878 637 2938 Partundae
656 2878 753 2936 adhue
774 2878 947 2939 laboribus:

245 2963 459 3024 Metieulosum
483 2984 595 3022 auxere
616 2965 660 3023 sio
681 2962 855 3036 fetum'dei‚

246 3049 358 3109 Caestu
382 3049 544 3123 valentem,
569 3051 600 3106 in
624 3051 720 3106 Marte
741 3048 885 3106 laurieem
907 3056 1020 3122 tamen,

177 3129 228 3185 945
245 3135 285 3192 Et
302 3141 366 3191 arte
384 3133 545 3209 plurimum
565 3134 668 3192 utilem
688 3134 720 3190 in
740 3133 845 3190 eastris
869 3151 940 3191 sua:

246 3218 305 3292 Qui
325 3218 405 3274 eirea
428 3216 510 3276 Cirin
535 3225 565 3276 et
588 3215 754 3293 Cylistarni
776 3217 899 3275 humida

244 3301 380 3361 Habebit
399 3302 515 3379 hospes
536 3303 635 3379 patria
655 3302 755 3377 procul
774 3303 891 3374 domos,

245 3387 317 3447 Ubi.
329 3385 482 3459 dolabras,
502 3388 587 3462 queis
610 3405 732 3463 gravem
753 3386 865 3445 molem
885 3387 1019 3461 asciano,

244 3471 367 3529 Illustre
390 3470 531 3529 damnum
552 3471 712 3530 fabricabit
731 3471 853 3544 mealia,

177 3557 230 3612 950
247 3554 350 3614 Molae
370 3556 501 3614 sacrabit
524 3557 556 3615 in
577 3554 739 3616 Cluacinae
760 3555 852 3614 tholo.
