2532 4216
513 332 550 391 31

93 499 149 558 Nec
168 501 229 558 nlla
247 502 340 561 surdo
364 502 481 578 plectra
500 503 649 562 movimus
674 501 806 561 Phoebo.
843 522 848 531 ¹

93 588 126 644 At
143 605 218 644 nuuc
238 587 349 646 doloso
370 588 492 645 flamma
510 589 618 647 Martis
640 586 741 646 insani

93 670 235 747 Supposta
257 672 361 744 cineri,
383 691 531 747 quamque
551 673 637 750 pacis
661 679 795 730 armatae

92 755 189 814 Fallax
210 757 309 814 alebat
331 756 443 830 vultus,
462 766 496 815 ut
514 759 600 834 prius
624 756 724 815 stultis

94 839 161 916 Spes
183 842 361 919 suggerebat
384 841 487 901 Suada
505 843 642 900 credulas
666 840 776 914 Gallis,

93 925 274 985 Exsuscitate
294 927 389 986 fulsit.
411 927 495 985 ilicet
512 946 654 1005 magnam

94 1010 207 1086 Inopina
226 1012 342 1070 cunctis
361 1013 486 1070 urbibus
508 1013 591 1070 dedit
612 1021 754 1088 stragem.

94 1094 170 1153 Unde
190 1097 381 1156 administrat
403 1114 495 1156 saeva
518 1098 651 1175 Erinnys
675 1097 815 1154 ardentes

94 1179 286 1240 lucendiorum
313 1182 406 1240 civico
424 1183 507 1241 faces
529 1182 622 1241 bello.

95 1262 181 1336 Quare
200 1276 282 1325 metu
303 1266 449 1339 deiectus,
470 1267 585 1326 obsitus
608 1267 701 1338 luctu,

94 1352 212 1424 Atratus,
234 1371 361 1428 exspes,
380 1352 411 1408 in
434 1360 518 1410 tuum
542 1353 641 1411 sinum
661 1350 725 1427 fugi

96 1433 243 1513 [Genev]a,
268 1456 346 1513 quae
369 1455 417 1493 me
439 1437 557 1512 patriae
581 1436 701 1511 exulem
724 1445 823 1493 terrae

95 1519 196 1579 Blanda
215 1531 305 1598 atque
328 1522 426 1579 amica
447 1523 571 1580 caritate
595 1521 705 1579 fovisti.

94 1603 160 1683 Frgo
180 1607 232 1665 ille
254 1607 370 1682 primus
392 1607 491 1678 ardor,
515 1607 567 1664 ille
589 1614 735 1683 cognatus

93 1687 171 1749 Nitor
188 1691 340 1751 obsolevit
359 1691 468 1749 mentis
492 1691 530 1749 ad
552 1698 650 1749 metus
673 1690 753 1761 illos,

93 1775 215 1850 Meliore,
239 1776 338 1851 qualis
361 1777 399 1834 ad
423 1774 588 1834 Caniculae
604 1776 703 1832 tabem

94 1860 188 1920 Omnis
208 1862 280 1921 silet
299 1862 374 1932 flos3
396 1870 426 1919 et
448 1869 550 1918 tamen
573 1861 632 1919 tuis
657 1858 776 1934 scriptis

93 1943 168 2005 Vires
189 1946 314 2023 recepit,
338 1946 436 2020 qualis
456 1946 602 2005 imbribus
626 1946 702 2003 seris

95 2027 177 2108 Segcs
197 2032 317 2090 renidet
337 2050 443 2109 segra:
466 2050 543 2107 quae
566 2032 616 2090 diu
636 2031 785 2108 languens

93 2113 205 2176 Frustra
224 2112 329 2175 coloni
352 2135 439 2193 spem
463 2118 581 2195 sagacis
606 2115 705 2174 elusit.

94 2197 167 2272 Quod
186 2203 280 2278 siquis
304 2200 383 2260 ullas
408 2202 506 2261 fornes
529 2202 612 2261 ullus
633 2201 663 2258 in
687 2199 776 2258 uobis

94 2283 209 2346 Resides
229 2287 341 2364 sepulti
361 2287 439 2344 celat
454 2288 568 2365 ingenii
593 2288 746 2354 flammas3

95 2368 189 2429 Totum
209 2373 267 2430 hoc
289 2372 344 2429 tibi
367 2372 461 2445 ardet,
481 2374 539 2431 hoc
560 2372 615 2430 tibi
636 2368 805 2428 reviviscit:

95 2453 269 2516 Totumhoc
292 2458 404 2515 amoris
427 2476 501 2515 aura
522 2455 649 2514 ventilat
672 2452 774 2511 vestri.

430 2628 479 2684 30.
523 2628 638 2684 Eideau.

95 2704 199 2783 Psalle,
221 2720 380 2785 poetarum
397 2712 445 2768 cui
464 2711 561 2770 doctis
584 2709 741 2769 frondibus
764 2710 894 2768 haerens

130 2792 225 2852 (linxit
246 2796 421 2853 honoratum
444 2796 549 2855 laurea
572 2805 654 2855 serta
676 2803 774 2872 caput,

95 2874 164 2949 Quid
181 2880 268 2953 facis,
294 2902 312 2939 o
334 2881 440 2939 vates?
461 2883 569 2956 quibus
592 2882 691 2958 exigis
712 2881 774 2938 otia
797 2880 916 2938 musis?

20 2994 21 2999 κ
128 2965 185 3022 Aut
202 2966 312 3042 quibus
334 2966 365 3025 in
390 2967 497 3026 studiis
520 2966 635 3024 fallitur
656 2966 729 3023 hora
750 2964 825 3023 tibi?

63 3048 66 3061 '
93 3049 144 3121 An,
164 3058 283 3109 teneras
304 3051 440 3109 mulcens
462 3052 584 3127 liquidis
607 3051 779 3108 accentibus
803 3069 904 3121 auras,

127 3134 241 3193 Musica
261 3155 320 3193 non
341 3155 401 3193 uno
423 3136 533 3196 dividis
557 3155 629 3195 orsa
653 3143 739 3206 tono;

93 3214 129 3275 Ut
144 3226 171 3276 tc
191 3221 316 3278 miretur
337 3218 542 3279 modulantem
564 3220 690 3298 lympha
711 3219 844 3277 Deorum

127 3302 259 3378 Rhenus,
277 3313 308 3363 et
328 3306 484 3364 exsultans
507 3307 603 3364 altera
622 3305 755 3382 nympha
773 3303 887 3361 Nicer?

93 3387 171 3446 Anne
190 3390 385 3450 Palaestinas
407 3410 571 3450 numeroso
594 3390 726 3447 carmine
747 3407 850 3448 musas

129 3471 250 3535 Solvere
272 3475 449 3536 Teutonicis
470 3495 522 3534 ora
543 3477 656 3534 diserta
677 3476 777 3535 modis

92 3553 245 3621 Instituisi
264 3561 354 3620 Felix
372 3560 475 3634 animi,
497 3561 636 3636 vitaeque
658 3562 776 3634 beatae,
