2532 4216
630 368 781 462 —39—

208 593 210 597 ,
250 537 310 596 Hic
333 555 388 596 vos
412 535 509 594 saluto
530 536 639 597 laetus.
669 538 743 596 llste
762 537 881 607 felices,

249 622 367 696 Pioque
390 641 507 691 manes,
528 641 556 694 o,
581 635 693 699 nepote
714 622 852 700 gaudete.

250 707 301 779 Ut,
325 725 415 781 quam
437 706 543 764 ruinae
562 725 611 764 me
633 708 827 785 superstitem
848 713 967 764 vestrae

249 792 312 851 Par
333 801 380 850 est
404 791 518 865 dolere,
540 800 643 851 tamne
664 793 770 864 laeter,
791 801 825 850 ut
845 799 928 849 resto

249 878 276 937 E
299 896 400 936 messe
421 885 506 934 tauta
526 895 645 936 semen:
675 897 691 935 e
713 877 917 954 procellisque

250 961 368 1021 Tantae
391 963 499 1021 domus
522 962 636 1021 tabella
656 962 807 1038 naufragii
829 960 914 1018 tanti.

416 1129 466 1188 29.
509 1131 560 1189 Au
579 1132 703 1191 Paulum
726 1132 876 1190 Meliaeom
896 1131 931 1188 P.
955 1132 991 1188 L.

251 1215 392 1276 Caeleste
414 1223 531 1292 pectus,
559 1217 644 1276 cuius
667 1236 706 1274 ex
728 1217 928 1274 inexhaustae
1043 1214 1050 1222 ’

250 1301 362 1359 Mentis
383 1301 541 1373 scatebris,
566 1301 797 1376 limpidissimae
819 1302 941 1379 linguae

252 1385 397 1446 Sermone
418 1385 465 1441 dio
487 1405 565 1443 vena
585 1386 682 1445 lacteo
702 1396 816 1459 manat,

251 1469 395 1529 Melisse:
418 1468 491 1546 quid
510 1489 557 1528 me
581 1473 771 1549 naufragum,
791 1470 863 1547 quid
885 1488 1079 1548 oppressum,

252 1553 331 1628 Quid
354 1555 491 1632 improbo
513 1555 630 1615 doloris
655 1559 793 1615 obrutum
818 1557 918 1627 fluctu,

251 1639 444 1716 curvumque
467 1640 559 1713 luctu,
585 1651 616 1700 ct
638 1643 735 1700 fronte
758 1660 870 1698 cernua
888 1650 999 1698 terram

252 1726 412 1797 Tuentem,
435 1726 474 1784 ad
495 1727 575 1785 altae
595 1728 697 1785 lumen
720 1727 811 1804 erigis
833 1727 956 1784 Musae:

251 1811 294 1871 Ut
316 1812 430 1888 scripta
449 1821 556 1870 nostra
574 1831 747 1890 provocans
770 1812 830 1869 tuis
852 1810 985 1887 scriptis,

251 1896 420 1954 Inamoena
443 1896 554 1971 scripta
577 1897 800 1955 candidissimis
822 1896 954 1973 scriptis,

252 1984 280 2039 A
303 1988 404 2038 mente
427 1981 506 2039 curis
530 1989 560 2039 et
579 1983 700 2040 silentio
726 1998 827 2039 mersa
899 2018 902 2022 ι

252 2065 363 2124 Molles
387 2083 540 2141 camenas,
561 2066 655 2125 molle
678 2085 799 2124 carmen
821 2075 980 2141 expectes:

252 2150 323 2209 Hoc
343 2150 428 2207 licuit
449 2150 533 2224 olim,
556 2169 623 2209 cum
645 2152 817 2210 faventibus
839 2151 936 2209 Musis

253 2235 394 2296 Secunda
416 2243 537 2295 nostros
560 2255 635 2294 aura
655 2245 829 2313 temperans
852 2254 957 2295 cursus

252 2322 323 2380 Mea
346 2322 384 2378 ad
400 2322 508 2379 beatos
530 2322 600 2380 vela
621 2323 753 2379 mitteret
774 2330 893 2398 portus,

252 2406 376 2483 Regeus
400 2407 515 2464 amicae
536 2408 620 2484 pacis
642 2408 674 2465 in
697 2408 764 2466 sinu
786 2414 849 2464 tuto

254 2491 368 2552 Studiis
390 2492 524 2550 adultam
544 2493 720 2551 liberalibus
744 2500 884 2550 mentem.

252 2575 351 2650 Quam
372 2576 452 2636 lenis
475 2578 576 2651 ardor,
599 2589 688 2654 atque
711 2576 807 2635 literis
829 2578 940 2635 florens

252 2660 383 2739 Ignobili
404 2662 529 2720 fovebat
549 2663 608 2721 otio
629 2664 757 2740 primum

253 2745 346 2820 Quies
364 2747 512 2805 bonarum
534 2748 636 2808 mollis
657 2750 765 2806 artium
789 2746 899 2816 nutrix,

253 2830 371 2892 Serena
389 2850 503 2890 vacuae
523 2834 646 2891 flamma
670 2852 791 2909 semper
808 2830 966 2907 aspirans:

253 2917 423 2991 Postquam
444 2919 588 2994 procellis
611 2938 688 2994 eque
709 2916 820 2994 triplici
842 2917 933 2973 fluctu

254 3000 360 3061 Civilis
385 3012 499 3075 aestus,
524 3004 670 3063 delicatus
694 3013 724 3061 et
739 3003 819 3083 ⁴liber

253 3086 386 3164 Excepit
403 3087 501 3146 almae
523 3109 571 3147 me
594 3089 753 3147 Valentiae
774 3095 897 3164 portus3

253 3172 296 3232 Ut
314 3172 388 3232 iuris
409 3174 472 3231 acri
491 3184 597 3233 sancta
616 3193 664 3230 me
683 3173 809 3231 Themis
832 3169 913 3230 cultu

253 3258 387 3318 Artificis
408 3260 558 3335 expoliret
576 3278 675 3335 ungue
698 3256 824 3328 Cuiacii‚
873 3275 875 3278 ⁴

253 3343 434 3420 Inexpiatae
455 3352 530 3421 post
552 3352 676 3401 cruenta
693 3343 838 3401 Bellonae

253 3427 394 3505 Pugnate
414 3428 499 3488 caelo
525 3428 605 3487 bella
624 3446 744 3504 semper
759 3428 846 3485 irato·

254 3512 431 3570 Tunetunc
452 3522 553 3589 poeta,
575 3521 645 3571 tunc
667 3512 805 3590 Apollini
825 3530 912 3571 carus

253 3597 341 3668 Vixi3
358 3595 501 3656 Camenis
525 3606 595 3656 tunc
617 3599 731 3658 amicus
755 3596 854 3655 audivi
861 3617 870 3668 ;
