2502 4218
620 337 769 431 Q

240 506 425 569 Nascsutcm
440 502 611 577 ,Charitum
636 506 744 581 plausu
765 506 903 576 florente,
926 505 1046 566 chorea.

239 594 281 653 m
300 598 352 647 tua
369 597 537 653 tractantes
562 590 675 649 vitreae
700 590 850 649 cunabula
869 586 1032 667 Nymphae

241 674 377 737 Castalio
389 694 522 751 ,puerum
539 674 754 737 Permessidoa
779 675 877 735 imbre
898 676 1033 752 deerunt

242 760 411 823 confessae
433 759 597 819 domiuum.
617 761 710 823 selis
724 760 875 821 natalibus
897 780 988 819 omen

240 845 377 906 Pierides
398 845 537 907 cecinere
555 847 627 918 tuis,
649 847 817 920 florumque
837 845 952 907 recenti

240 932 281 991 Et
301 930 386 1008 ripae
405 930 532 1003 virides,
555 938 587 989 et
604 931 710 993 Rcuus
732 930 800 990 risit
820 930 924 990 odore.

241 1018 313 1094 Ipse
335 1016 382 1075 sui
405 1016 483 1075 sacri
504 1014 620 1075 Genius
645 1017 764 1079 visurus
785 1017 920 1077 honores

240 1101 358 1173 Adfuit,
379 1101 509 1178 Assyrio
536 1100 695 1163 destillans
718 1109 856 1178 tempora
878 1100 985 1173 nardo,

241 1188 337 1247 Festa
357 1185 549 1247 coronandae
569 1193 698 1246 testatus
717 1186 828 1264 gaudia
849 1186 938 1259 lucis,

242 1271 391 1334 Sutilibus
412 1271 513 1343 sertis,
538 1278 568 1327 et
588 1271 681 1347 plena
704 1272 780 1331 turis
804 1289 915 1330 acerra.

240 1358 291 1429 Et,
314 1375 403 1430 quam
422 1363 453 1413 te
474 1373 651 1429 memorem,
676 1356 763 1428 dixit,
781 1356 873 1428 Puer,
892 1356 985 1433 ignee
1008 1355 1096 1434 signa

240 1442 281 1501 Et
301 1441 400 1512 iubar,
424 1447 455 1497 et
473 1439 557 1498 rutili
579 1441 659 1499 clara
680 1448 858 1518 argumenta
876 1440 984 1500 nitoris

240 1528 397 1604 Agnosco.
420 1523 482 1586 Sed
510 1544 591 1601 pone
612 1527 698 1604 nigra
718 1547 781 1585 nox
804 1526 954 1602 obstrepit
976 1527 1091 1607 umbra.

241 1610 271 1673 0
295 1610 321 1671 si
343 1610 472 1671 vividior
490 1610 589 1669 iustos
613 1612 668 1669 tihi
691 1618 832 1688 suppetat
851 1629 950 1670 annos

243 1694 387 1773 Spiritus,
411 1705 441 1754 et
461 1704 604 1770 quantum
627 1697 707 1757 satis.
725 1705 772 1756 est
790 1695 969 1756 mortalibus
992 1697 1070 1754 aevi.

241 1780 316 1840 Non
338 1781 393 1840 tibi
414 1782 572 1841 certabunt
593 1781 691 1841 Italae
712 1781 829 1841 telluris
851 1781 951 1853 ocelli,

242 1865 316 1926 Non
338 1865 436 1926 Galli:
460 1885 522 1925 non
546 1885 623 1941 quos
646 1867 722 1927 aluit
745 1866 909 1927 Germanic
929 1874 1025 1924 vates.

241 1949 310 2011 Nec
330 1969 365 2011 se
382 1951 450 2011 ullo
474 1958 590 2009 tantum
610 1952 736 2013 iactabit
755 1952 891 2028 Belgica·
903 1951 994 2015 tellus

241 2035 383 2121 Ingenio,
406 2053 463 2093 nec
482 2042 527 2093 tot
546 2035 693 2097 miracula
714 2044 817 2094 cernet
839 2036 870 2094 in
892 2056 964 2095 uno.

241 2121 291 2180 Ah
313 2120 425 2178 tibine
447 2127 586 2193 coeptum
608 2121 763 2194 praecidat
784 2120 882 2179 Parca
901 2131 1048 2181 tenorem.

241 2206 291 2267 nh
312 2204 427 2265 tibine
447 2204 583 2263 advertat
603 2223 715 2265 saevos
739 2205 927 2265 Rhamnusia
946 2206 1058 2266 vultus.

242 2290 356 2349 Verum
380 2310 408 2348 o.
432 2287 495 2351 Sed
512 2289 612 2366 rigida
630 2291 700 2351 Fati
720 2298 802 2351 stant
822 2292 925 2350 omnia
944 2291 1023 2369 lego.

241 2374 328 2434 Haec
349 2375 404 2441 vix
424 2382 532 2435 trunca
551 2374 649 2449 Deus,
672 2376 823 2453 singultus
843 2385 961 2437 caetera
981 2379 1104 2451 pressit.

122 2530 126 2539 Ι
241 2460 317 2519 Plus
339 2461 448 2537 potuit,
470 2478 560 2535 quam
583 2470 656 2521 vota
678 2461 749 2534 Dei,
771 2460 957 2521 lacrimabile
976 2461 1095 2521 Fatum.

241 2544 310 2604 Nec
329 2545 429 2613 minus
452 2544 569 2607 interea
591 2547 681 2607 sertis
703 2547 874 2607 halantibus
895 2545 1004 2604 Horae

240 2629 373 2689 Infantis
395 2648 489 2689 cunas
510 2632 676 2704 cumulant,
700 2639 729 2690 et
747 2632 860 2707 pollice
882 2649 992 2706 presso
1045 2694 1050 2707 ,

241 2714 418 2790 Expediunt
437 2714 537 2790 plexis
560 2717 697 2779 vaccinia
718 2717 805 2795 nigra
825 2715 977 2791 quasillis,

240 2799 291 2858 Ne
313 2805 366 2859 tua
386 2800 524 2860 mortalis
547 2809 650 2863 suctus
673 2802 802 2861 infantia
821 2801 908 2859 lactis

241 2884 385 2957 Duceret,
404 2885 475 2960 ipsa
495 2885 550 2946 tibi
571 2887 699 2961 puerilia
714 2888 803 2947 labra
822 2885 931 2962 rigavit
993 2926 996 2931 -

241 2970 425 3033 Ambrosias
445 2971 543 3032 succis
564 2972 773 3033 redolentibus
795 2970 898 3031 Attica
918 2970 1020 3029 Pitho.

241 3054 332 3128 Quod
352 3055 379 3114 si
400 3064 525 3121 vexaret
547 3058 655 3135 vigiles
674 3057 832 3117 insomnia
855 3073 945 3117 curas

240 3139 471 3216 Intempestivis
495 3142 619 3203 solvens
637 3141 789 3218 vagitibus
813 3161 878 3213 ors,

240 3223 315 3284 Non
334 3233 368 3289 ,te
382 3227 553 3287 somnifero
579 3226 703 3286 nutricis
721 3228 836 3286 naenia
855 3232 955 3298 cautu,

236 3308 309 3377 Nee
333 3310 486 3375 delinitico
512 3312 624 3387 sopivit
646 3330 798 3371 murmure
821 3311 929 3381 lallus3

242 3393 305 3456 Sed
325 3405 356 3454 te
377 3397 458 3459 trina
480 3396 601 3468 Chasis,
624 3404 655 3459 te
675 3396 783 3457 sedula
803 3397 890 3455 turba
912 3395 1086 3456 mnoenae

241 3477 401 3545 certantes
424 3481 514 3543 simul
538 3481 659 3554 officiis,
681 3480 830 3557 Sirenque
849 3482 961 3540 Latina

239 3565 437 3633 Flexsnimae
460 3566 573 3627 blando
598 3564 718 3629 Suades
739 3567 872 3627 mulsere
884 3583 1030 3637 ausum,
