2560 4216
623 300 774 444 „Q

243 519 341 599 ((53)
502 513 606 588 Χθιζά
628 538 680 597 μοι
700 512 918 598 Ἑρμώναοσα.

243 604 325 664 Dum
347 605 426 664 forte
445 606 590 673 hesterno
609 604 743 663 titubans
762 603 892 680 vestigia
913 612 987 680 potu

286 689 438 750 vestibuli
458 691 574 767 primas
597 689 690 748 induo
715 697 797 749 serta
816 690 911 762 fores,

242 773 454 836 Hermonassa
478 776 584 853 scyphi
606 774 732 852 lympha
756 793 806 831 me
828 773 955 851 spargit:
980 781 1011 832 et
1030 772 1099 833 illas

285 860 412 934 Turbat,
435 879 510 936 quas
529 861 582 920 vix
600 859 661 918 lux'
676 866 827 919 struxerat
847 878 918 942 una,
940 877 1055 918 comas.

244 943 305 1012 Sed
318 946 415 1022 magis
427 938 513 1005 ustus
527 965 606 1022 aqua
618 945 716 1023 magis
730 945 807 1003 arsi:
822 963 892 1002 nam
905 946 1037 1021 scyphus
1050 944 1152 1002 exhao
1261 936 1262 975 ³

284 1030 401 1089 Mellito
424 1031 532 1090 tacitas
554 1030 640 1089 duxit
662 1031 700 1088 ab
722 1049 774 1089 ore
798 1029 893 1088 faces.

244 1199 342 1278 (Cli)
494 1194 619 1277 Φράζεό
645 1217 697 1278 μοι
717 1191 919 1279 Κλεοφάνης.

243 1284 356 1360 Aspice
363 1305 372 1357 ς
400 1284 490 1358 quale
512 1283 621 1356 decus,
642 1303 721 1359 quae
740 1283 818 1356 laus,
842 1281 1040 1357 Cleophanti,
1063 1282 1133 1342 duo·

271 1377 274 1384 '
901 1386 968 1425 rum
991 1374 1049 1441 est,

288 1451 374 1527 Quos
397 1451 512 1528 pariter
529 1452 638 1529 rapido
660 1453 781 1511 turbine
801 1448 1029 1511 versat'Amor.

245 1538 332 1615 Quae
353 1536 426 1596 belli
450 1536 507 1610 vis,
527 1538 632 1611 quisve
654 1545 763 1610 metus,
785 1555 862 1612 quae
885 1556 977 1596 causa
999 1537 1125 1614 pudoris

286 1623 356 1683 Hos
379 1621 499 1682 dirimat
521 1624 635 1682 sanctis
657 1622 786 1682 nexibus
809 1621 992 1697 implicitos?
1141 1629 1142 1632 ’

243 1707 363 1767 Dentur
383 1707 485 1767 vincla
505 1709 590 1781 mihi,
613 1726 690 1784 quae
711 1707 840 1766 Lemnia
858 1706 986 1766 fabricat
1004 1709 1104 1781 incus,

286 1792 431 1869 Quosque
454 1793 538 1852 vafra
556 1792 655 1852 nodos
675 1792 824 1851 Mulciber
842 1799 906 1850 arte
929 1792 1016 1851 facit:

242 1875 413 1937 Dummodo
430 1886 460 1936 te
481 1879 667 1954 amplectens
688 1876 815 1952 cupidis,
840 1896 908 1935 mea
928 1877 1010 1951 Vita,
1032 1877 1154 1936 lacertis
1261 1936 1262 1947 ,

212 1982 214 1991 ¹
285 1962 431 2021 Perfruor
451 1963 483 2020 in
505 1963 648 2022 membris
670 1962 779 2039 gaudia
800 1962 894 2039 longa
914 1962 984 2021 tuis.

244 2048 332 2107 Tune
354 2057 425 2105 tuuc
443 2046 568 2122 hospes,
591 2055 621 2104 et
639 2047 810 2124 indigenae,
832 2047 994 2123 fessusque
1015 2047 1127 2120 viator,

286 2133 337 2191 Me
350 2131 492 2211 rideant,
515 2139 545 2189 et
565 2151 632 2189 cum
651 2132 780 2209 coniuge
801 2133 967 2192 sacrificus.

246 2291 342 2377 ((55)
539 2292 644 2365 Ἐξὸτε
668 2318 720 2379 μοι
739 2296 863 2359 πίνοντι.

244 2386 294 2445 Ex
317 2404 378 2460 quo
400 2385 473 2444 olim
495 2392 607 2462 potans
630 2403 748 2443 mecum
771 2392 897 2460 potante
917 2383 1059 2445 Chariclo

286 2471 423 2549 Ingessit
440 2471 541 2529 furtim
565 2471 691 2548 propria
713 2478 795 2529 serta
817 2471 901 2544 mihi,
1261 2522 1262 2543 ,

245 2555 357 2614 Totum
379 2556 459 2633 ignis
481 2576 529 2614 me
548 2561 644 2614 exest.
667 2555 704 2613 In
724 2574 771 2627 ca,
793 2563 875 2630 puto,
898 2574 1029 2632 namque
1042 2573 1155 2616 corona
1261 2564 1262 2585 ¹

283 2641 333 2713 ld,
355 2660 414 2715 quo
438 2642 513 2700 arsit
535 2639 650 2700 Glauce
671 2650 742 2698 nata
764 2638 917 2714 Creontis,
942 2648 1015 2700 erat.
1261 2632 1262 2643 ¹

246 2809 343 2886 ζ(56)
519 2802 559 2868 ‘O
582 2804 700 2888 θρασὺς
722 2804 875 2890 ὑψαύχην.

246 2892 371 2954 Cervice
396 2893 484 2966 elata,
508 2900 663 2953 contracta
683 2893 792 2964 fronte,
816 2912 951 2969 severus,

286 2978 377 3038 Nunc
400 2987 447 3037 est
467 2979 596 3057 virginei
615 2978 732 3036 ludicra
755 2995 826 3036 cura
846 2980 916 3038 ioci.

242 3066 324 3123 Ante
346 3072 429 3122 ratus
452 3072 586 3122 teneram
604 3063 735 3121 tumidus
757 3061 888 3123 laesisse
909 3062 1055 3139 puellam,

287 3148 377 3209 Colla
397 3149 493 3208 dedit:
515 3168 595 3207 nunc
616 3166 672 3224 spe
693 3146 804 3205 decidit
823 3149 893 3225 ipse
916 3167 982 3207 sua.

242 3234 276 3293 Is
298 3234 390 3293 modo
411 3234 559 3292 femineas
582 3231 712 3308 supplex
730 3233 801 3290 iacit
822 3253 874 3292 ore
896 3232 1052 3309 querelas:

285 3320 345 3378 Illa
365 3337 465 3377 mares
488 3319 603 3376 animos
624 3317 738 3375 lumine
759 3324 847 3377 torva
865 3318 951 3395 gerit.
969 3350 972 3355 ·

243 3403 338 3483 Virgo
360 3404 461 3476 ferox,
482 3402 619 3478 quamvis
642 3402 705 3460 irae
732 3410 778 3461 cst
799 3403 969 3463 iustissima
994 3418 1116 3473 caussa,

286 3490 383 3548 Parce
401 3488 524 3549 animis:
546 3486 689 3546 Nemesis
711 3486 773 3545 tela
794 3490 964 3565 propinqua
985 3487 1069 3545 time.
