2560 4216
507 367 658 464 —2-53-

209 525 254 594 Οὐ
271 528 382 592 τυότου
394 532 487 595 πστδν
500 532 579 596 ἐστὶν
594 532 741 608 ἐπαίτιον,
757 532 831 596 ἀλλ’
846 535 1036 605 όπεπανκιίνς.

121 610 187 680 ΚΓ.
205 611 306 698 Μῆτιν
329 613 502 700 ἀπόρρητον
525 620 643 702 σιγηληῖ
662 616 767 679 κοίνου
791 619 914 703 ἑταίρῳ.

205 695 336 780 Χρωτὸς
356 699 535 784 ἄκεστορίην
559 707 658 805 πιστηῖ
677 701 838 765 πίστευσον
861 704 965 788 ἰητρῷ.

121 777 188 849 ΚΔ.
207 778 250 846 Εἴ
268 805 346 851 τινες
368 783 565 889 εὐτυχέουσιν
586 786 704 863 ἀναξια,
726 787 766 868 μὴ
790 785 863 870 φέρ’
886 788 1002 870 ἀηδῶς.

201 862 307 935 Ἵλαός
328 868 392 931 ἐστι
412 891 490 954 τυχη
510 874 575 939 τοῖς
596 872 721 947 δειλοῖς,
744 869 827 954 όφρα
848 874 988 954 κακώαρ.

122 945 187 1013 ΚΕ.
208 951 381 1036 Δυστυχίας
401 952 575 1036 προνόησαν
597 952 808 1039 ἐπερχομένας
829 955 1001 1037 ὑπομεῖναι.

211 1032 422 1120 Κουφυτέριυς
433 1039 527 1100 λυπεῖ
535 1040 569 1102 τὸ
584 1038 805 1123 προειδόμενον
817 1040 923 1124 φρεσὶν
936 1040 1036 1121 ἡμῶν.

122 1112 179 1187 Kc·
206 1116 259 1203 Μὴ
284 1127 372 1206 ψυχῇ
392 1122 551 1185 καταίπιπτ’
577 1124 608 1187 ἐν
631 1122 836 1207 ἀμηχανίῃσιν
861 1124 1023 1205 ἀπογνοὺς,

207 1200 340 1269 Ἐλπίδα
361 1207 396 1268 δὲ
418 1206 555 1289 κρατέειν
580 1207 655 1272 οὐδὲ
678 1207 866 1290 θνήσκοντας
885 1208 996 1273 ἐῶσαν.

122 1283 187 1351 ΚΖ.
205 1286 258 1370 Μὴ
271 1290 366 1373 τάπερ
375 1289 410 1353 ἂν
418 1291 521 1375 γνοίης
534 1294 582 1356 συὶ
591 1292 1036 1377 πρόσφυρα,ταῶταπρσέσθαι.

137 1452 147 1464 .
209 1370 1037 1483 Πρόσθεκυμᾷμὲνόκαιρδς,ὄπιαθενδ’ἐστὶφαλακρός.

122 1451 191 1521 λΗ.
209 1456 329 1541 Δέρκου
338 1459 382 1522 ένὶ
390 1461 495 1543 φρεσὶν
507 1458 571 1545 ᾗσι,
581 1462 654 1525 τρίτ’
665 1460 818 1545 ἐσσόμενα
825 1484 884 1545 πρυ
894 1461 922 1524 τ’
936 1461 1036 1525 ἐόντα.

209 1537 270 1603 Τόν
296 1565 329 1605 τε
350 1544 423 1606 θεὸν
444 1545 584 1628 μίμησαι,
606 1546 641 1614 δς
663 1545 886 1630 ἀμφοτέρωθεν
906 1547 1036 1610 ὀπώπει.

121 1620 188 1691 ΚΘ.
205 1624 319 1710 Ἀρκοῶ
342 1629 396 1710 μὲν
419 1631 496 1712 πρὸς
514 1630 621 1714 καιρδν
637 1631 781 1708 ὀλίζυσιν,
799 1629 874 1714 ὄφρ’
890 1631 1035 1714 ὑγιαίνης.

207 1706 269 1773 Καὶ
290 1709 365 1794 νέμε
387 1718 493 1796 παῦρα
509 1719 623 1798 τρυφῇ,
634 1714 671 1777 τὰ
685 1715 719 1777 δὲ
731 1714 860 1776 πλείονα
874 1719 913 1796 τῇ
927 1715 1052 1799 ὑγιείη.’

122 1793 158 1856 Λ.
209 1792 262 1878 Μὴ
284 1795 337 1878 τὴν
360 1801 415 1860 τοῦ
436 1798 576 1881 πλήθους
594 1803 698 1883 ψῆφον
714 1797 809 1880 μόνος
821 1798 864 1859 ῶν
880 1799 1036 1929 ἀθερίζης,

207 1877 259 1962 Μὴ
282 1881 334 1942 καὶ
355 1887 415 1943 τῶν
435 1884 560 1945 πολλῶν
583 1883 741 1966 ὀλιγωρῶν
754 1881 821 1945 οὐδ’
836 1881 879 1944 ἕν’
893 1883 1036 1966 αἰρ.σκης.

122 1962 187 2026 ΛΑ.
208 1962 336 2048 Πρῶτον
359 1965 402 2028 ἐνὶ
420 1969 554 2049 πρώτοις
572 1966 692 2051 μελέτω
717 1968 764 2030 σοὶ
784 1971 838 2049 τῆς
861 1968 984 2051 ὑγιείης,

208 2046 260 2131 Μὴ
283 2048 359 2133 ψέγε
377 2050 431 2119 τὰς
451 2053 544 2136 ὥρας.
569 2052 604 2115 σό
627 2076 674 2116 τοι
697 2051 793 2120 αἴτιος
810 2051 876 2114 ἐσσὶ
898 2052 1013 2115 νόσοιυ.

122 2129 187 2196 ΛΒ.
204 2130 258 2216 Μὴ
272 2133 309 2196 τὰ
318 2134 443 2197 ἐνύπνια
459 2137 508 2198 σοὶ
519 2138 648 2220 μελέτω.
663 2137 701 2200 τὰ
709 2136 766 2221 γὰρ
777 2135 901 2221 εὔχεται
916 2139 1035 2222 ἀνδρῶν

207 2215 292 2286 Νοῦς
308 2218 387 2302 θπαρ
406 2221 550 2297 ἐλπίζων,
561 2222 631 2286 τάδ’
649 2221 723 2306 ὄναρ
738 2223 922 2306 φαντάζεται
936 2221 1036 2290 αὐτός.

331 2368 334 2375 ’
405 2385 576 2454 ΒΙΒΛΙΟΝ
598 2385 759 2454 ΤΡΙΤΟΝ.

122 2470 160 2535 Α.
199 2465 306 2538 Ὅστις
329 2472 491 2553 ἐπιστῆσαι
514 2473 618 2560 βούλει
640 2473 790 2542 τυίςδεσσι
813 2470 949 2555 μέτροισι

207 2552 281 2624 Τοῖς
291 2556 371 2620 πολὺ
384 2557 505 2639 πλῆθος
518 2555 626 2642 ἔχουσι
638 2555 820 2641 βιωφελέων
837 2556 1013 2640 ὑποθηκῶν,

207 2638 338 2703 Πολλῶν
351 2640 386 2703 ἂν
400 2641 470 2724 μέγ’
484 2641 581 2704 ὄναιο.
601 2642 636 2705 αδ
648 2640 681 2704 δ)
693 2642 720 2703 εί
733 2641 774 2724 μὴ
789 2641 936 2724 δέχνυσαι
945 2640 1036 2717 αὐτὰ,

208 2721 254 2788 Οὐ
279 2727 329 2788 τὸν
355 2727 512 2810 ὑφηγητήν
533 2749 581 2809 με,
604 2728 639 2789 σὲ
661 2727 695 2789 δὲ
707 2725 803 2789 πλέον
817 2725 1034 2808 ἐξαθερίσαεις.

122 2806 161 2874 Β.
206 2805 1035 2894 Τδννυῦνἐντολίαιςρόθμιζεμαθητόοςοόπυτεληγων.

208 2886 310 2957 Είκὼν
330 2895 386 2978 γὰρ
414 2895 510 2980 μόρου
536 2895 599 2958 ἐστὶ
623 2896 777 3003 μαθησιυς
791 2894 932 2978 ἄμμορος
946 2896 1033 2959 αἰτόν.

123 2975 157 3041 Γ.
206 2975 259 3061 Μὴ
283 2979 410 3061 δώροισι
431 2981 526 3064 τύχης
548 2981 763 3064 ἐλλαμπρυνου
788 2979 863 3061 ὑπὲρ
888 2979 986 3041 αἶσαν.

209 3058 275 3126 Οὐκ
295 3061 379 3148 όλβιρ
396 3064 519 3146 νέμεται
539 3067 633 3129 καλὸν
656 3063 756 3140 κλέος,
778 3059 858 3126 ἀλλὰ
885 3061 1034 3145 τρόποισι.

123 3145 158 3208 Δ.
205 3143 328 3231 Ὀρθῶς
347 3151 407 3219 ζῶν
427 3149 464 3211 τὰ
485 3155 587 3217 κακῶν
605 3149 805 3233 λεσχάσματα
819 3148 860 3230 μὴ
873 3147 1035 3229 ἀλεγίζοις.

208 3227 254 3294 Οὐ
276 3230 334 3315 γὰρ
357 3231 413 3316 ἐφ’
433 3234 506 3316 ἡμῖν
526 3234 617 3309 ἐστὶν,
645 3234 773 3302 ἕκαστος
793 3235 876 3295 τίπτε
899 3233 1033 3315 λαληση.

124 3311 161 3380 Ε.
201 3313 260 3379 Ἢν
274 3316 393 3400 κληθῇς
412 3318 488 3379 ποτὲ
502 3319 625 3401 μάρτυς,
639 3318 711 3381 ὅσον
725 3322 826 3401 τηρεῖν
837 3319 871 3380 τὸ
886 3316 1033 3392 συνειδὸς,
1164 3358 1166 3361 -

208 3395 280 3481 (Ὦς
289 3424 324 3482 γε
334 3400 888 3487 μάλισταδόνη)τοόγκλημακαίλυψυν
901 3400 1034 3484 ἑταίρου.

123 3506 151 3555 ς.
205 3483 336 3552 Μόθσυς
357 3485 518 3570 αἱμυλίους
538 3488 589 3550 καὶ
610 3488 814 3555 κωτίλλοντας
837 3485 961 3548 ἀλεόου.

208 3566 335 3654 Μάρτυς
355 3570 550 3655 ἀληθοσόνης
571 3568 717 3657 ἁπλότης,
730 3568 821 3640 δόλος
837 3569 1034 3719 αἰ[μυ]λργγφ·
