2586 4214
550 310 630 383 3⁶5.

121 491 273 551 vitisator
294 490 422 561 hastam,
442 493 578 549 membra
599 491 701 549 vineto
722 489 894 567 implicans)

123 576 325 650 Tarchonque
346 582 409 631 tum
430 574 595 648 Turreuus‚
614 576 760 634 immanes
784 574 847 651 lupi

124 659 217 721 Sanci
235 661 369 718 ferentes
390 658 534 719 Herculis
557 660 726 736 primordia.

123 746 187 806 Ubi
209 746 350 804 refertam
372 743 532 821 glisceram
553 764 689 805 mensam
711 745 820 819 dapum

123 831 261 889 Tandem
282 842 417 889 voratam
440 830 632 905 conspicatus
654 830 793 901 asseclis,

124 915 322 975 Oraoulorum
344 915 397 972 fiet
413 915 569 990 antiquum
589 934 714 987 memor,
823 964 826 971 ,

123 1000 294 1077 Pinguique
317 1000 372 1058 sub
395 1000 595 1077 Aboriginum
615 999 683 1059 solo
707 1005 802 1058 struat

124 1086 212 1145 Ultra
234 1085 360 1143 Latinos
382 1092 470 1160 atque
493 1085 633 1145 Daunius
657 1086 731 1143 sitas

101 1242 106 1251 ,
125 1171 250 1243 Turres,
273 1170 402 1228 alumnis
423 1170 575 1230 fabricans
599 1189 726 1228 numero
746 1186 834 1244 pares

125 1254 251 1316 Scrofae
272 1255 414 1331 nigellae,
438 1274 524 1329 quam
545 1256 582 1312 ab
601 1255 702 1313 Idaeis
722 1254 801 1331 iugis

124 1342 165 1399 Et
187 1339 356 1397 Dardaneis
378 1339 503 1397 collibus
524 1339 642 1397 ductam
666 1341 783 1412 avebet‚

126 1423 211 1498 Quae
230 1432 272 1481 tot
294 1424 419 1481 nutrivit
439 1424 488 1482 his
510 1443 598 1498 pares
620 1444 745 1483 numero
765 1443 884 1485 sacres:

124 1510 162 1567 In
184 1510 257 1567 urbe
280 1509 363 1567 cuius
385 1517 478 1583 ponet
495 1529 556 1566 una
575 1509 737 1586 imaginem

126 1593 235 1672 Sigillo
259 1595 369 1665 abeno,
393 1593 568 1667 delicosque
588 1593 763 1669 grundules.

124 1680 166 1738 Et
186 1679 261 1736 aede
285 1686 397 1737 structa
420 1678 561 1754 Myndiae
586 1677 750 1749 Pallenidi‚

124 1763 262 1823 Delubra
283 1771 377 1838 ponet
399 1763 564 1837 patriorum
585 1763 775 1837 praestitum,

125 1848 211 1923 Quae
232 1848 310 1921 sola,
331 1856 433 1923 spreta
453 1867 560 1919 uxore,
580 1847 689 1921 spretis
709 1846 826 1917 liberis,

125 1935 264 2008 Aliisque
284 1951 392 2008 copum
413 1951 513 1990 rerum
535 1932 750 2008 opimitatibus‚

126 2019 263 2077 Tandem
284 2018 375 2077 senili
390 2036 457 2075 cum
477 2026 602 2092 parente
624 2018 772 2094 praeferet
793 2074 795 2079 ,

125 2104 240 2163 Valens
262 2104 383 2173 amictu,
405 2122 471 2160 cum
491 2121 582 2161 canes
602 2101 727 2160 duellici

125 2189 162 2247 In
187 2196 293 2246 cuncta
311 2188 407 2263 spolia
430 2188 589 2246 sortientes
613 2189 739 2264 patriae,

127 2273 195 2335 Soli
216 2273 287 2333 huic
310 2274 347 2330 ab
368 2273 445 2348 ipsis
467 2273 592 2337 aedibus
615 2273 753 2347 praedam
776 2271 905 2330 offerent

125 2360 166 2419 Et
189 2375 298 2415 munus
321 2366 480 2432 exportare
502 2358 583 2432 quod
603 2358 687 2416 cordi
704 2358 777 2415 fuat.

128 2443 180 2504 Sic
202 2444 286 2502 visus
309 2442 398 2500 etiam
417 2442 622 2517 perduellibus
642 2443 721 2516 pius,

127 2528 255 2587 Multum
279 2527 428 2585 eluentem
446 2527 535 2583 laude
558 2526 630 2582 belli
651 2527 776 2600 patriam

127 2613 305 2672 Recidivam
328 2620 358 2669 et
377 2613 474 2686 ipsam
497 2611 617 2669 deseret
639 2610 799 2685 nepotibus

127 2699 253 2769 Urbem,
277 2712 415 2772 suprema
437 2696 521 2754 iuxta
544 2694 660 2754 Circaei
682 2696 762 2772 iuga,

126 2784 168 2842 Et
187 2791 256 2840 trux
274 2782 406 2839 Maricae
430 2781 525 2852 littus,
548 2789 638 2856 atque
660 2782 760 2856 Argus
780 2777 866 2851 ratis,

127 2869 263 2926 Phorcae
285 2866 403 2942 paludis
423 2866 616 2925 Marsionidis
636 2865 733 2923 lecum

129 2953 346 3027 Titoniumque
369 2953 491 3023 flumen,
513 2950 629 3008 arcanis
651 2951 771 3008 humum
864 2960 866 2963 '

127 3038 257 3096 Rimans
280 3044 399 3111 opertas
419 3037 449 3094 in
471 3036 535 3094 vias
558 3035 724 3107 canalibus,

130 3121 283 3182 Cacumen
306 3128 336 3178 et
356 3121 537 3193 Zosterium,
557 3140 616 3195 qua
637 3120 761 3196 virginis

127 3209 253 3267 Faunae
275 3204 410 3282 Sibyllae
432 3223 590 3280 scrupeum
607 3224 715 3280 specus
737 3211 835 3279 patet3
899 3230 907 3251 ·

128 3293 285 3351 Pendente
306 3292 360 3350 tofi
380 3290 558 3351 fornicatum
582 3292 708 3365 pumice.

129 3378 188 3436 Tot
209 3376 379 3434 execranda
400 3382 483 3433 tanta
504 3375 657 3450 perferent
678 3374 767 3448 mala,

130 3464 218 3521 Meae
240 3462 390 3537 parabunt
407 3461 457 3535 qui
476 3461 579 3517 ruinas
602 3461 726 3534 patriae.

130 3545 209 3620 Quid
232 3546 313 3604 enim
335 3546 450 3622 parenti
470 3544 593 3617 maximi
614 3544 788 3606 Promethei
