2532 4216
628 348 779 443 L,—
791 373 793 377 ,

248 516 368 577 nissimi
387 517 468 594 regis
484 515 611 574 Henrioi
631 517 680 575 III
701 517 850 576 desidens
880 517 960 593 opud
972 516 1173 595 ⁴Gregorium.

247 602 328 662 XIII
339 609 369 660 st
381 601 460 660 alios
475 601 582 659 ltaliae
594 603 749 679 principes
758 601 1171 678 gloriosissImefuneto,1qui

248 707 314 747 cum
328 686 465 745 etmultis
476 686 677 763 transalpinis
686 687 932 764 expeditionibus
946 695 978 744 et
989 687 1162 747 obsidioni·

248 775 305 832 bus
320 772 437 830 urbium
450 772 531 829 intra
548 790 675 849 regnum
689 772 897 848 superioribus
917 772 1007 831 bellis
1019 772 1172 831 civilibus.

248 857 437 916 interfuisset
442 875 477 914 ec
483 857 514 914 in
523 857 664 915 omnibus
675 857 874 916 fortisslmem
883 876 1007 932 operum
1015 865 1164 916 navasset

246 943 415 1018 ultimoque
442 942 653 1000 funestissimo
686 941 766 1000 bello
795 942 918 999 ineunte
948 942 1168 1001 illustrissImo.

248 1028 317 1086 duci
344 1026 558 1101 Monpenserio
589 1027 621 1084 in
647 1026 806 1085 Pieurdiee
839 1026 963 1085 urbibus
999 1027 1031 1083 in
1060 1028 1162 1086 officio

247 1108 414 1171 retinendis
436 1112 526 1169 fidem
542 1130 631 1187 opem
650 1112 895 1188 industriamque
904 1112 1057 1189 egregiam
1070 1131 1161 1189 pree·

249 1198 388 1269 stitisset,
411 1197 443 1253 in
461 1196 616 1272 provincia
640 1214 696 1254 sua
720 1196 822 1255 omnis
844 1196 957 1273 oppida
979 1205 1009 1254 et
1032 1196 1162 1255 castelle
1257 1258 1258 1273 ,

247 1303 268 1340 a
287 1281 451 1340 rebellibus
473 1281 595 1339 insessa
615 1281 648 1339 in
668 1290 848 1356 potestatem
871 1301 958 1339 suem
976 1282 1160 1360 redegisset,
1257 1288 1258 1339 i

248 1367 394 1426 Beluoum
421 1384 507 1442 cop1s
542 1366 704 1425 hostilibus
738 1367 849 1424 aeriter
869 1374 1076 1444 oppugnatum
1104 1368 1159 1425 im·
1257 1366 1258 1375 ’

248 1453 345 1512 misso
366 1458 458 1509 noctu
478 1470 559 1509 novo
582 1451 737 1528 praesidio
757 1452 865 1509 virtute
885 1451 1014 1509 filiorum
1026 1470 1170 1511 suorum.
1257 1520 1258 1531 ἵ

249 1536 375 1596 summIe
394 1534 620 1595 difficultatibus
646 1537 823 1613 expeditum
843 1537 1015 1609 liberasset,
1038 1538 1160 1596 hostem

247 1621 398 1700 praesidis
414 1621 523 1679 cestris
534 1622 693 1680 tormentis
706 1621 824 1680 bellicis
835 1629 929 1696 atque
935 1621 1160 1705 impedimentis

249 1707 373 1783 saepius
401 1716 525 1764 exutum
557 1707 681 1784 saepius
712 1707 820 1765 accisis
849 1706 964 1782 opibus
991 1708 1023 1764 in
1037 1754 1040 1759 .
1055 1709 1160 1765 urbem
1257 1738 1258 1785 p

247 1792 463 1850 Petaviensem
497 1793 717 1869 confugientem
751 1801 902 1868 postremo
930 1793 1018 1851 novis
1046 1793 1160 1852 auxilrs

247 1877 446 1951 undecunque
474 1877 653 1950 conquIsitis
682 1883 802 1933 auctum
834 1895 869 1933 ec
897 1875 1013 1934 bellum
1042 1877 1170 1939 instas.

247 1970 365 2020 rentem
397 1961 506 2018 ultime
530 1960 603 2019 belli
634 1961 756 2018 fortune
787 1961 826 2018 od
858 1962 968 2019 flumen
989 1961 1161 2039 vigennam

247 2045 455 2106 internecione
477 2045 651 2117 delevisset,
684 2045 716 2101 in
740 2045 843 2103 limite
873 2053 973 2104 eutem
1001 2049 1170 2122 superiore.

248 2131 458 2192 Lemovicano
480 2129 565 2187 ducis
579 2127 800 2188 NemosseusIs
819 2132 924 2206 copias
939 2140 1084 2190 nocturne
1104 2133 1160 2190 im·

247 2217 409 2294 pressione
432 2221 547 2272 terrore
569 2233 605 2272 ec
621 2214 714 2271 coede
737 2216 962 2291 complevisset,
982 2235 1017 2273 ae
1030 2217 1161 2293 denique

247 2301 383 2385 quotidie
410 2318 508 2373 neque
536 2300 602 2357 sine
629 2299 728 2376 glorie
758 2319 814 2358 sue
842 2321 939 2376 neque
973 2302 1040 2360 sine
1068 2303 1159 2369 detri-

248 2394 351 2444 mento
379 2384 514 2463 hostium
539 2385 571 2442 in
598 2392 664 2443 toto
689 2385 742 2443 illo
773 2393 870 2444 tractu
895 2405 962 2444 cum
993 2387 1159 2446 rebellibus

249 2471 449 2547 experiretur,
476 2470 596 2527 ts'ndem
623 2470 653 2527 in
684 2471 875 2547 expeditione
897 2471 1161 2549 Burgundionensi

247 2575 350 2633 regem
372 2554 655 2614 christianissImum
678 2551 844 2621 Henrioum
866 2556 931 2614 IIII
952 2564 1073 2616 secutus
1094 2558 1159 2617 lan·

247 2660 371 2719 guonem
406 2647 512 2698 nactus
533 2641 713 2699 ,incredibili
749 2642 799 2699 ¹sui
830 2641 982 2699 desiderio
1016 2644 1159 2707 omnibus

248 2727 338 2785 bonis
360 2725 463 2782 relicto
477 2724 508 2782 in
527 2726 646 2785 civitate
666 2727 791 2786 Molinis
805 2727 843 2783 ed
863 2726 1022 2786 Elaverem
1036 2728 1160 2785 fluvium

249 2813 315 2870 ob1t
326 2830 406 2868 anno
421 2811 529 2868 aetatis
547 2831 620 2870 suae
631 2812 688 2870 LX
701 2810 814 2870 Christi
830 2820 929 2869 autem
942 2810 1161 2875 CIO.IO.XOV

248 2895 494 2955 IIIKel.Oetob.
526 2894 654 2978 Claudia
663 2897 763 2955 Podie
772 2915 927 2955 uxorcum
936 2897 1041 2956 liberis
1072 2899 1114 2956 M.
1124 2898 1158 2956 Ρ.

281 3062 319 3125 6ss
354 3069 492 3144 Iosephus
517 3066 649 3143 Scaliper
668 3066 806 3124 Puteanis
821 3067 977 3141 fratribus,
1009 3064 1129 3124 Claudii

179 3143 181 3147 ἲ
456 3153 541 3226 filice,
562 3155 598 3209 de
615 3160 704 3209 morte
725 3170 820 3209 eorum
838 3154 944 3226 patris.

249 3235 278 3296 Ο
302 3235 372 3293 lecti
392 3236 531 3308 iuvenes,
554 3236 656 3293 virtuti
678 3236 780 3293 nobile
803 3254 926 3313 germen
1019 3266 1023 3275 s

249 3319 451 3381 Subcrescens
475 3321 605 3396 patriae:
626 3320 697 3395 quid
721 3340 769 3378 me
794 3321 831 3378 od
854 3321 996 3377 damnate
1016 3318 1116 3376 redire
1135 3360 1138 3369 ,

249 3404 345 3466 Sacra
366 3404 578 3476 Camenarum,
601 3413 631 3462 et
649 3405 791 3464 meliores
815 3405 919 3482 cogitis
943 3414 1041 3462 annos

248 3491 425 3568 Respicere,
448 3497 481 3547 ut
498 3490 618 3548 Phoebi
640 3491 805 3550 revirescat
824 3490 970 3566 pristinus
996 3489 1108 3561 ardor,

246 3577 421 3650 Afflatuque
440 3595 521 3634 novo
544 3576 661 3653 sopitos
684 3576 810 3635 suscitet
828 3575 936 3653 ignes?
