2586 4214
676 324 737 410 eoi

250 517 352 575 Bubus
372 518 455 575 utin
474 517 636 589 trionibus,

249 603 290 662 Et
312 602 343 659 iu
365 602 504 678 capellis,
527 602 646 660 avidum

249 687 445 763 Retingerem
464 705 607 745 eruorem.

252 769 308 831 ch.
349 770 429 830 Nam
449 772 521 849 quid
541 772 643 830 dolere
665 772 741 829 haee
761 771 842 829 faeta
859 772 1011 848 profuerit
1030 776 1109 833 tibi?

251 856 368 915 Infecta
389 857 471 915 facta
488 876 547 915 non
572 864 659 916 erunt
674 864 755 915 tuum
773 856 885 914 ricem.

534 942 563 1000 2.
586 942 778 1017 Antiatroplto
800 943 885 1000 IIII.

251 1025 313 1084 Hei
333 1027 466 1085 omnium
488 1034 603 1098 auctor,
624 1026 757 1085 omnium

251 1111 401 1192 Malorum
423 1112 510 1170 faber
531 1130 606 1188 puer
625 1111 766 1183 Laertae,

252 1197 396 1272 Leueque
416 1197 628 1273 publicumque
647 1194 838 1254 mendieimo-

255 1282 366 1339 -niumt
388 1290 421 1338 ut
439 1281 622 1358 triumphas:
648 1288 681 1338 ut
699 1280 877 1339 cachinnus:
898 1287 932 1337 ut
954 1299 1072 1358 crepas.

254 1364 310 1425 Ch.
352 1366 465 1424 Rident
479 1366 598 1424 volente
619 1365 750 1439 flentque
767 1365 912 1424 mortales
934 1364 1011 1423 Deo.

254 1451 302 1510 Ai.
343 1451 466 1510 Utinam
485 1450 617 1508 viderem
637 1450 721 1508 illum
742 1450 864 1509 obrutus
888 1450 960 1508 lieet
980 1452 1081 1510 melia.

184 1548 236 1602 385
254 1534 316 1593 Hei
337 1538 400 1593 mel
421 1535 471 1592 hei
492 1538 554 1593 me!

254 1619 309 1679 Ch.
352 1619 516 1695 comperce
537 1618 647 1678 verbio.
680 1637 739 1693 quo
759 1619 791 1677 in
814 1628 894 1678 statu
918 1620 961 1679 sis
983 1639 1047 1679 non
1069 1620 1164 1680 video.

560 1706 589 1762 3.
612 1704 804 1779 Antiatroplro
831 1705 864 1763 V.

253 1789 302 1848 Αἰ.
346 1790 479 1848 Meorum
503 1810 521 1847 o
543 1792 664 1847 atavum
685 1797 783 1865 pater,

254 1872 392 1947 Quanam
414 1884 489 1946 arte,
512 1874 659 1951 Iuppiter,
681 1874 797 1932 vafrum

255 1958 396 2034 Undique
420 1959 585 2017 circitorem
602 1958 660 2016 ini·

186 2047 238 2102 390
255 2044 377 2101 -unienm
398 2043 490 2116 ultus,
511 2051 601 2117 atque
623 2043 709 2101 ambo
730 2042 821 2100 dueee
863 2056 866 2061 ’

252 2128 366 2187 Malam
384 2136 525 2205 oppetam
546 2127 614 2204 ipse
631 2127 776 2186 mortem?

254 2211 327 2271 Teo.
373 2211 407 2272 Si
429 2213 503 2270 haec
522 2212 709 2288 imprecaris,
731 2213 915 2288 imprecetur
934 2220 965 2270 et
985 2213 1060 2271 milri

253 2299 397 2357 Mortem:
418 2298 489 2372 quid
508 2314 586 2375 opus
610 2306 657 2356 est
679 2297 741 2355 vita
760 2297 844 2369 mihi,
867 2305 897 2355 te
918 2298 1060 2357 mortuo?

561 2382 590 2441 l.
615 2382 744 2458 Stroplo
765 2382 855 2441 XVI.

254 2468 303 2526 ni.
346 2469 447 2526 Meum
468 2487 486 2525 o
509 2468 583 2525 mihi
604 2468 692 2526 iubar
714 2469 868 2541 tenebrae,
895 2475 926 2526 et
946 2468 1038 2540 Oree,

253 2553 322 2610 Lux
339 2553 442 2625 nitida,
465 2552 581 2611 lueida:

253 2635 374 2696 Habete
392 2656 440 2695 me
459 2639 553 2696 vestri
576 2638 719 2708 incolam,

253 2720 384 2781 Habete.
408 2740 464 2779 nee
485 2721 620 2783 Deorum
642 2723 733 2793 enim,

253 2805 362 2881 Neque
384 2807 513 2866 mortale
534 2807 688 2866 hominum

254 2892 329 2950 Mihi
352 2911 448 2969 genus
474 2892 577 2951 videre
606 2938 608 2944 s

254 2977 327 3049 Fas,
350 2977 448 3035 inutili
465 2978 590 3036 eunetis.

255 3060 318 3122 Sed
338 3061 427 3120 ferox
448 3062 532 3121 Iovis
555 3069 657 3139 gnata,
679 3068 804 3137 perpete

255 3146 324 3205 Dea
346 3165 432 3205 eruce
457 3166 504 3205 me
526 3147 658 3205 mulctat.

256 3231 344 3308 Quae
364 3230 454 3308 fugae
471 3232 542 3289 via?

256 3315 352 3389 Quem
372 3317 472 3375 locum
494 3316 623 3394 eligam?

254 3401 431 3475 Postquam,
455 3401 553 3474 amici,
576 3408 606 3458 et
627 3402 697 3473 hoe,
718 3408 748 3458 et
770 3400 828 3460 hoe

255 3486 364 3544 Interit
382 3485 482 3558 simul,

255 3571 433 3644 Vanamque
457 3578 610 3646 capturam
632 3570 758 3648 egimus.
