2604 4210
638 332 788 475 a,

259 552 398 612 Occursu
421 548 566 608 horrifero
585 549 768 628 pervolgans
790 548 887 608 noctis
911 567 1020 627 opaca,

261 635 323 697 Sed
346 638 401 696 sub
422 643 453 694 te
472 634 563 711 placo
584 634 706 713 Regina
725 634 875 713 uigramis
896 634 1022 707 Averni,

260 721 457 800 Montivagos
479 718 619 780 stimulos
641 719 759 796 protela
782 718 822 777 ad
841 719 954 777 extima
975 726 1084 792 terrae,

260 806 447 866 Flaminibua
465 804 536 862 fecii
557 811 712 865 ostentans
734 803 884 882 placabile
906 822 1028 863 numen.

262 974 301 1033 71
462 975 562 1033 Fortia
583 974 734 1033 Fumone
755 974 897 1048 sufflator,
918 980 972 1032 tras.

260 1059 332 1118 Huc
354 1058 399 1118 sis
421 1058 499 1117 Fors
521 1059 664 1135 Fortuna,
687 1059 782 1118 saeris
797 1054 921 1136 Regina
938 1076 1011 1117 vooo
1027 1065 1059 1116 te

261 1146 462 1215 Mansuetam,
485 1143 691 1220 Triviamque,
711 1143 757 1201 rei
777 1143 954 1220 praedivitis
977 1161 1065 1224 ergo,

260 1230 301 1288 Et
317 1228 466 1287 Deienam
486 1229 663 1301 antistitum,
683 1228 769 1304 opaci
794 1228 941 1306 sanguine
962 1225 1059 1288 (louai

261 1313 470 1391 Progenitam,
492 1321 706 1396 aeternumque
724 1313 837 1376 invicta
855 1313 946 1371 lande
967 1311 1135 1371 cluentem:

263 1402 363 1473 Atque
382 1398 585 1471 bibentium,
608 1398 818 1473 perbitentem,
842 1398 976 1457 omnibu’
997 1405 1128 1455 mutam.

262 1482 402 1541 Daedala
421 1500 551 1560 namque
572 1484 604 1542 iu
626 1491 657 1543 te
679 1483 836 1559 opolentia
857 1490 972 1542 constat
989 1483 1167 1542 homonum.

262 1567 402 1644 Namque
422 1567 491 1627 aliis
515 1586 623 1646 copum
646 1568 701 1628 das
721 1587 821 1627 rernm
840 1567 983 1645 pleraque
1003 1567 1136 1637 abunde,

261 1653 474 1730 Paupertatem
498 1654 579 1727 aliis,
599 1655 712 1712 irarum
733 1653 847 1730 percita
869 1653 960 1711 fastu.

164 1812 167 1821 ¹
262 1739 387 1810 Verum,
409 1758 427 1797 o
447 1737 538 1812 Diva,
563 1739 642 1797 domi
663 1746 694 1796 te
713 1739 841 1798 obsecro
863 1737 1030 1797 Feroniam
1053 1737 1179 1810 adesse,

262 1822 451 1883 Gliscentem
473 1844 509 1882 re
529 1843 615 1901 eope,
639 1824 684 1882 rei
707 1822 883 1900 praedivitis
905 1841 990 1901 ergo.

263 1992 304 2050 72
562 1992 648 2050 Genii
667 1994 807 2068 suffimen,
827 2002 883 2051 tua.

261 2076 488 2153 Magnanimum
511 2075 642 2136 Genium
663 2077 737 2150 calo,
759 2085 930 2153 praetorem
951 2075 1169 2146 venerandam,

262 2162 512 2235 Mansuetumqoe
533 2161 647 2233 Iovem,
669 2171 824 2221 auctorem
845 2161 1017 2240 genitabilis
1039 2178 1144 2233 auae,

263 2245 414 2317 Diiovem,
423 2246 533 2319 ubique
545 2255 714 2325 vagantem,
729 2255 759 2306 et
766 2247 930 2306 Vaeiovem
939 2245 1179 2322 imperitantem:

264 2329 323 2404 Qui
345 2329 466 2408 largiris
490 2350 576 2407 opes,
599 2339 632 2390 ut
652 2332 736 2391 inisti
759 2340 839 2390 tecta
859 2331 1057 2403 cachinnans,

263 2417 303 2476 Et
326 2423 432 2474 contra
449 2417 598 2476 humanae
621 2417 773 2495 extinguis
796 2417 847 2492 qui
868 2415 1022 2475 commoda
1045 2416 1137 2473 vitae.

263 2500 424 2574 Laetitiae,
446 2498 601 2575 moerori',
623 2502 783 2575 Patulciu’,
806 2500 931 2562 Clusius
956 2500 1037 2561 idem
1059 2519 1106 2561 es.

264 2584 365 2659 Quare
389 2584 491 2665 Sanga
512 2595 607 2663 pater,
629 2606 766 2646 curarum
789 2586 907 2646 semina
924 2585 1056 2663 pellens,

264 2669 448 2729 Insidiantia
466 2672 557 2745 vitae,
577 2673 610 2730 in
628 2680 709 2730 terra
731 2671 932 2750 frugiferenti,

264 2756 441 2832 Deprecor
464 2758 643 2832 aequauimo
665 2758 756 2816 vitam
778 2756 959 2816 concludere
979 2755 1050 2813 fine.

266 2927 305 2984 73
420 2927 516 2985 Divae
536 2926 688 2986 Albuneae
706 2928 846 3003 auffimea,
869 2934 1011 2984 aromata.

264 3009 435 3069 Albuneam
456 3011 542 3070 elicio
560 3020 740 3090 prognatam
759 3011 896 3088 principe
914 3008 1039 3078 Cadmo,

264 3096 416 3173 Magnam,
439 3115 515 3171 quae
534 3096 679 3155 Brumum
702 3105 750 3156 est
772 3096 965 3157 obstetricata
982 3092 1179 3152 nefrendem:

180 3246 183 3265 ¹
264 3180 335 3239 Huc
353 3181 425 3240 ades
448 3200 467 3239 o
490 3200 567 3256 quae
589 3181 673 3241 salsa
691 3190 777 3242 tenes
800 3189 831 3239 et
846 3180 966 3239 caerula
985 3177 1111 3255 templa,

264 3265 422 3325 Fluctibus
445 3266 595 3341 exultans,
618 3274 776 3326 nautarum
796 3267 916 3343 sospita
935 3266 1012 3324 Iuno
1018 3284 1027 3336 3

263 3349 346 3409 Nam
370 3359 401 3409 te
421 3352 587 3427 respiciunt
606 3371 725 3429 puppes
746 3371 909 3428 percaeca
927 3349 1059 3429 pericla;

265 3435 335 3494 Una
353 3435 542 3496 laborantem
566 3437 677 3497 solaris
698 3438 730 3496 iu
753 3456 882 3512 aequore
902 3436 1044 3514 volgum

266 3516 342 3591 Quis
364 3527 397 3577 tu
420 3521 603 3580 subveniens
625 3522 698 3582 ades
719 3523 752 3580 in
774 3522 1092 3598 discrimiuesoapes.

265 3603 347 3680 Ilrgo
370 3603 510 3685 salutaris
531 3624 678 3681 praesens
701 3606 877 3685 urgentibus
898 3605 983 3666 adsis
