2532 4216
486 368 632 468 ...Q-

104 531 204 596 ἄστεα
224 539 276 617 τῆς
300 534 377 617 ἰδίης
399 539 506 621 χρείης
525 540 568 622 χά
590 561 614 600 ιν
637 536 772 622 ἔμπορος
789 538 886 603 εἶδεν·

145 619 322 703 Δουσιάδης
341 624 445 703 κοινῆς
467 623 547 706 ἀμφὶ
567 560 744 706 guacelino

450 712 534 768 Idem
552 710 668 769 Latine.

101 789 279 852 Dousiades
302 792 402 869 patria
421 796 539 875 patriae
562 796 730 868 studiosus,
753 805 868 856 amator

144 875 259 951 Patris,
283 878 427 937 sustinuit
448 887 534 956 patre
557 899 660 938 carere
681 899 749 952 suo,

104 960 228 1038 Oppida
250 963 439 1040 perlustrans
462 983 529 1022 erro
552 966 725 1042 peregrina,
747 974 871 1042 paratus

144 1045 251 1123 Usque
274 1048 313 1105 ad
332 1048 470 1125 Ripaeos
494 1051 616 1108 tendere
634 1050 863 1128 Hyperboreos.

103 1129 255 1190 Mercator
277 1133 385 1209 cupide
409 1135 592 1210 sapiensque
615 1144 754 1213 vagatur:
777 1143 808 1193 at
824 1135 912 1194 illum

147 1216 243 1294 Urget
265 1237 369 1295 opum,
393 1219 472 1277 hunc
490 1219 592 1277 variae
615 1220 798 1298 cognitionis
823 1240 917 1280 umor.

103 1299 266 1363 Diversum
291 1304 440 1362 meditans
464 1305 616 1362 sententia
639 1306 734 1382 surgit
759 1305 886 1382 utrique.

149 1386 213 1444 Nec
233 1407 321 1449 mens
343 1408 403 1447 uua
424 1389 498 1461 illis,
522 1390 562 1448 sit
581 1388 653 1448 licet
673 1410 734 1448 una
755 1391 813 1448 via.

105 1470 306 1530 Mercatorem
327 1475 418 1531 urbes
439 1475 577 1549 privatus
600 1477 700 1534 visere
721 1483 857 1550 questus,

147 1556 272 1616 Publica
294 1557 475 1618 Dousiaden
496 1559 616 1636 impulit
636 1560 762 1619 utilitas.
840 1568 844 1575 '

379 1804 573 1882 llllllllltllll
597 1802 734 1882 llllllll.

111 1973 136 2030 1.
179 1975 303 2052 Elegia,
328 1978 359 2033 iu
392 1975 424 2034 V.
451 1974 482 2033 C.
513 1974 709 2050 Gtmtoptort
736 1975 863 2046 Thauri,
891 1974 1017 2049 Seruatus

418 2061 563 2135 Principia
583 2062 699 2118 obitum.

109 2138 139 2201 Si
161 2145 229 2220 quis
249 2145 347 2202 adbuc
367 2146 482 2221 hospes
509 2153 647 2204 nostrum
668 2144 750 2203 videt
771 2145 878 2204 ordine
897 2146 991 2225 longo

146 2229 262 2302 Funus,
287 2238 317 2288 et
336 2237 452 2289 atratos
475 2239 601 2306 pectora
620 2237 740 2288 moesta
759 2229 882 2289 Patres:

108 2310 153 2372 Ne
175 2322 292 2372 tuntum
315 2333 469 2391 pompam,
490 2333 546 2372 nec
567 2333 626 2373 nos
649 2315 773 2373 miretur
791 2317 829 2374 ab
850 2315 913 2374 illa.

146 2400 303 2477 Exequias
326 2400 441 2459 meritis
465 2400 606 2458 aestimet
625 2399 678 2456 ille
700 2398 786 2456 meis.

109 2486 233 2563 Magnus
258 2505 314 2562 ego
336 2485 455 2563 magnis
477 2485 570 2543 orior:
593 2503 689 2557 neque
707 2502 786 2541 nunc
799 2484 874 2542 mihi
884 2486 1015 2561 primum

148 2570 311 2644 Quaesitus
331 2571 419 2629 nosci
441 2569 569 2646 contigit
586 2569 767 2644 interopee.

109 2653 212 2714 Debeo
235 2664 371 2727 naturae3
396 2655 477 2730 quod
497 2674 559 2712 non
577 2672 699 2727 casuve,
723 2672 821 2735 neque
841 2654 912 2715 ullis

146 2741 296 2801 Fortunae
318 2760 446 2817 possum
470 2739 581 2797 clarior
600 2758 670 2799 esse
694 2739 794 2798 bonis.

109 2826 154 2884 Me
177 2825 237 2884 sibi
257 2825 401 2883 iuridicae
426 2833 498 2902 toga
520 2824 652 2884 vindicat
673 2845 733 2883 una
753 2824 918 2897 Minervae,

147 2912 186 2969 Et
200 2930 302 2969 rerum
325 2911 440 2973 domini
461 2911 560 2988 gloria
579 2912 678 2985 prima
695 2910 764 2967 fori.

108 2992 175 3053 Non
196 3004 299 3053 tamen
321 3004 351 3054 et
373 3003 485 3055 temere
506 3002 606 3054 tantas
625 2995 809 3070 accingimur
825 3001 917 3066 artes,

148 3080 214 3138 Nec
235 3080 360 3139 terimus
382 3080 465 3158 vulgi
485 3099 579 3156 prava
601 3078 757 3152 sequentis
777 3079 842 3135 iter.

108 3163 171 3223 Nec
194 3184 250 3224 voa
274 3165 437 3242 polluimus
461 3170 585 3224 sanctae
606 3182 675 3221 mea
695 3163 819 3221 numina
840 3162 935 3239 leges.

147 3250 311 3313 Attulimus
334 3268 426 3327 puras
452 3250 490 3308 ad
515 3268 602 3308 sacra
624 3255 725 3307 vestra
746 3266 863 3307 manua.

110 3333 271 3395 Interdicis
290 3336 375 3407 viria,
398 3334 459 3393 uisi
481 3354 558 3410 quos
581 3334 719 3392 doctriua
739 3332 871 3405 vocavit,

148 3420 292 3498 Irrumpit
310 3418 412 3497 legum
430 3419 538 3477 limina
559 3437 648 3479 sacra
668 3437 752 3495 puer.

110 3506 291 3564 Atirocinio
314 3505 446 3582 linguae,
472 3504 635 3580 primisque
659 3502 813 3580 magistris

147 3590 291 3650 Protinus
311 3590 451 3667 ancipitia
474 3589 584 3649 mansit
608 3589 647 3648 ad
669 3606 752 3648 arma
771 3587 840 3647 fori.
