<?xml version="1.0" encoding="UTF-8"?>
<!DOCTYPE html PUBLIC "-//W3C//DTD XHTML 1.0 Transitional//EN"
    "http://www.w3.org/TR/xhtml1/DTD/xhtml1-transitional.dtd">
<html xmlns="http://www.w3.org/1999/xhtml" xml:lang="en" lang="en">
 <head>
  <title>
</title>
<meta http-equiv="Content-Type" content="text/html;charset=utf-8" />
  <meta name='ocr-system' content='tesseract 3.04.00' />
  <meta name='ocr-capabilities' content='ocr_page ocr_carea ocr_par ocr_line ocrx_word'/>
</head>
<body>
  <div class='ocr_page' id='page_1' title='image "./iosephiscaliger01scalgoog_0373.png"; bbox 0 0 2586 4214; ppageno 0'>
   <div class='ocr_carea' id='block_1_1' title="bbox 630 327 781 421">
    <p class='ocr_par' dir='ltr' id='par_1_1' title="bbox 630 327 781 421">
     <span class='ocr_line' id='line_1_1' title="bbox 630 327 781 421; baseline -0.007 -35"><span class='ocrx_word' id='word_1_1' title='bbox 630 327 781 421; x_wconf 39' lang='grc' dir='ltr'><strong><em>Ἀ</em></strong></span> 
     </span>
    </p>
   </div>
   <div class='ocr_carea' id='block_1_2' title="bbox 113 494 1078 3629">
    <p class='ocr_par' dir='ltr' id='par_1_2' title="bbox 259 494 950 657">
     <span class='ocr_line' id='line_1_2' title="bbox 260 494 878 573; baseline -0.006 -18"><span class='ocrx_word' id='word_1_2' title='bbox 260 494 421 556; x_wconf 77' lang='lat' dir='ltr'>Certamen</span> <span class='ocrx_word' id='word_1_3' title='bbox 441 495 520 554; x_wconf 90' lang='lat' dir='ltr'>acris</span> <span class='ocrx_word' id='word_1_4' title='bbox 540 504 737 555; x_wconf 84' lang='lat' dir='ltr'>conserentes</span> <span class='ocrx_word' id='word_1_5' title='bbox 760 494 878 573; x_wconf 83' lang='lat' dir='ltr'>praelii,</span> 
     </span>
     <span class='ocr_line' id='line_1_3' title="bbox 259 579 950 657; baseline -0.006 -18"><span class='ocrx_word' id='word_1_6' title='bbox 259 581 425 657; x_wconf 89' lang='lat' dir='ltr'>Pisamque</span> <span class='ocrx_word' id='word_1_7' title='bbox 449 580 582 656; x_wconf 82' lang='lat' dir='ltr'>capiunt,</span> <span class='ocrx_word' id='word_1_8' title='bbox 603 589 633 638; x_wconf 90' lang='lat' dir='ltr'>et</span> <span class='ocrx_word' id='word_1_9' title='bbox 653 581 827 656; x_wconf 90' lang='lat' dir='ltr'>relinquunt</span> <span class='ocrx_word' id='word_1_10' title='bbox 847 579 950 638; x_wconf 86' lang='lat' dir='ltr'>omnia</span> 
     </span>
    </p>

    <p class='ocr_par' dir='ltr' id='par_1_3' title="bbox 183 665 969 1082">
     <span class='ocr_line' id='line_1_4' title="bbox 183 665 948 743; baseline -0.005 -17"><span class='ocrx_word' id='word_1_11' title='bbox 183 665 411 736; x_wconf 78' lang='lat' dir='ltr'>1360Praedam</span> <span class='ocrx_word' id='word_1_12' title='bbox 437 665 530 723; x_wconf 88' lang='lat' dir='ltr'>duelli</span> <span class='ocrx_word' id='word_1_13' title='bbox 550 666 667 743; x_wconf 77' lang='lat' dir='ltr'>iugera,</span> <span class='ocrx_word' id='word_1_14' title='bbox 690 666 814 725; x_wconf 91' lang='lat' dir='ltr'>Umbris</span> <span class='ocrx_word' id='word_1_15' title='bbox 837 665 948 723; x_wconf 85' lang='lat' dir='ltr'>linibus</span> 
     </span>
     <span class='ocr_line' id='line_1_5' title="bbox 258 750 926 828; baseline -0.006 -18"><span class='ocrx_word' id='word_1_16' title='bbox 258 751 437 828; x_wconf 81' lang='lat' dir='ltr'>Propinqua</span> <span class='ocrx_word' id='word_1_17' title='bbox 462 758 491 808; x_wconf 86' lang='lat' dir='ltr'>et</span> <span class='ocrx_word' id='word_1_18' title='bbox 510 750 635 826; x_wconf 88' lang='lat' dir='ltr'><strong>Alpium</strong></span> <span class='ocrx_word' id='word_1_19' title='bbox 657 753 772 828; x_wconf 81' lang='lat' dir='ltr'>iugosis</span> <span class='ocrx_word' id='word_1_20' title='bbox 795 750 926 808; x_wconf 79' lang='lat' dir='ltr'><strong>arcibus.</strong></span> 
     </span>
     <span class='ocr_line' id='line_1_6' title="bbox 257 834 969 911; baseline -0.004 -18"><span class='ocrx_word' id='word_1_21' title='bbox 257 837 358 894; x_wconf 89' lang='lat' dir='ltr'>Litem</span> <span class='ocrx_word' id='word_1_22' title='bbox 380 854 538 910; x_wconf 86' lang='lat' dir='ltr'>supremus</span> <span class='ocrx_word' id='word_1_23' title='bbox 559 836 650 905; x_wconf 81' lang='lat' dir='ltr'>torris</span> <span class='ocrx_word' id='word_1_24' title='bbox 673 837 826 911; x_wconf 88' lang='lat' dir='ltr'>antiquam</span> <span class='ocrx_word' id='word_1_25' title='bbox 847 834 969 902; x_wconf 82' lang='lat' dir='ltr'>excitat,</span> 
     </span>
     <span class='ocr_line' id='line_1_7' title="bbox 262 921 936 996; baseline -0.009 -14"><span class='ocrx_word' id='word_1_26' title='bbox 262 921 344 982; x_wconf 92' lang='lat' dir='ltr'><strong>Olim</strong></span> <span class='ocrx_word' id='word_1_27' title='bbox 365 921 503 996; x_wconf 89' lang='lat' dir='ltr'>sepultos</span> <span class='ocrx_word' id='word_1_28' title='bbox 526 921 648 996; x_wconf 85' lang='lat' dir='ltr'>ignibus</span> <span class='ocrx_word' id='word_1_29' title='bbox 670 922 809 979; x_wconf 89' lang='lat' dir='ltr'>animans</span> <span class='ocrx_word' id='word_1_30' title='bbox 830 937 936 996; x_wconf 83' lang='lat' dir='ltr'>rogos,</span> 
     </span>
     <span class='ocr_line' id='line_1_8' title="bbox 259 1003 969 1082; baseline -0.01 -16"><span class='ocrx_word' id='word_1_31' title='bbox 259 1007 427 1080; x_wconf 90' lang='lat' dir='ltr'>Postquam</span> <span class='ocrx_word' id='word_1_32' title='bbox 446 1005 593 1082; x_wconf 86' lang='lat' dir='ltr'>Pelasgos</span> <span class='ocrx_word' id='word_1_33' title='bbox 614 1006 787 1063; x_wconf 80' lang='lat' dir='ltr'>haurientes</span> <span class='ocrx_word' id='word_1_34' title='bbox 810 1003 969 1080; x_wconf 78' lang='lat' dir='ltr'>Rhyndaci</span> 
     </span>
    </p>

    <p class='ocr_par' dir='ltr' id='par_1_4' title="bbox 185 1091 1062 1424">
     <span class='ocr_line' id='line_1_9' title="bbox 185 1091 918 1173; baseline -0.011 -19"><span class='ocrx_word' id='word_1_35' title='bbox 185 1099 251 1154; x_wconf 76' lang='lat'>1365</span> <span class='ocrx_word' id='word_1_36' title='bbox 261 1091 432 1168; x_wconf 81' lang='lat' dir='ltr'>Conspexit</span> <span class='ocrx_word' id='word_1_37' title='bbox 449 1091 533 1148; x_wconf 89' lang='lat' dir='ltr'>urnis</span> <span class='ocrx_word' id='word_1_38' title='bbox 554 1091 586 1148; x_wconf 90' lang='lat' dir='ltr'>in</span> <span class='ocrx_word' id='word_1_39' title='bbox 607 1091 775 1173; x_wconf 82' lang='lat' dir='ltr'>peregrinis</span> <span class='ocrx_word' id='word_1_40' title='bbox 800 1108 918 1165; x_wconf 82' lang='lat' dir='ltr'>aquam.</span> 
     </span>
     <span class='ocr_line' id='line_1_10' title="bbox 259 1166 885 1254; baseline -0.008 -18"><span class='ocrx_word' id='word_1_41' title='bbox 259 1176 433 1254; x_wconf 86' lang='lat' dir='ltr'>Lymphata</span> <span class='ocrx_word' id='word_1_42' title='bbox 455 1183 486 1233; x_wconf 88' lang='lat' dir='ltr'>at</span> <span class='ocrx_word' id='word_1_43' title='bbox 507 1175 561 1233; x_wconf 91' lang='lat' dir='ltr'>illa</span> <span class='ocrx_word' id='word_1_44' title='bbox 584 1166 723 1234; x_wconf 84' lang='lat' dir='ltr'>efferatis</span> <span class='ocrx_word' id='word_1_45' title='bbox 741 1176 885 1233; x_wconf 85' lang='lat' dir='ltr'>aestubus</span> 
     </span>
     <span class='ocr_line' id='line_1_11' title="bbox 260 1256 1062 1337; baseline -0.01 -17"><span class='ocrx_word' id='word_1_46' title='bbox 260 1262 456 1337; x_wconf 88' lang='lat' dir='ltr'>Triplamque</span> <span class='ocrx_word' id='word_1_47' title='bbox 477 1261 732 1336; x_wconf 89' lang='lat' dir='ltr'>quadruplamque</span> <span class='ocrx_word' id='word_1_48' title='bbox 755 1260 916 1318; x_wconf 83' lang='lat' dir='ltr'>vindictam</span> <span class='ocrx_word' id='word_1_49' title='bbox 937 1256 1062 1328; x_wconf 85' lang='lat' dir='ltr'>inferet,</span> 
     </span>
     <span class='ocr_line' id='line_1_12' title="bbox 260 1344 1009 1424; baseline -0.004 -19"><span class='ocrx_word' id='word_1_50' title='bbox 260 1346 380 1424; x_wconf 78' lang='lat' dir='ltr'>Magnis</span> <span class='ocrx_word' id='word_1_51' title='bbox 399 1344 495 1403; x_wconf 87' lang='lat' dir='ltr'>ruinis</span> <span class='ocrx_word' id='word_1_52' title='bbox 517 1345 601 1403; x_wconf 91' lang='lat' dir='ltr'>littus</span> <span class='ocrx_word' id='word_1_53' title='bbox 622 1346 782 1404; x_wconf 88' lang='lat' dir='ltr'>adversum</span> <span class='ocrx_word' id='word_1_54' title='bbox 802 1345 961 1420; x_wconf 82' lang='lat' dir='ltr'>impetens.</span> <span class='ocrx_word' id='word_1_55' title='bbox 1007 1360 1009 1364; x_wconf 78' lang='grc'>’</span> 
     </span>
    </p>

    <p class='ocr_par' dir='ltr' id='par_1_5' title="bbox 232 1430 898 1506">
     <span class='ocr_line' id='line_1_13' title="bbox 232 1430 898 1506; baseline 0.002 -18"><span class='ocrx_word' id='word_1_56' title='bbox 232 1470 233 1477; x_wconf 41' lang='lat'>1</span> <span class='ocrx_word' id='word_1_57' title='bbox 261 1431 426 1504; x_wconf 81' lang='lat' dir='ltr'>Aderitque</span> <span class='ocrx_word' id='word_1_58' title='bbox 448 1430 562 1504; x_wconf 88' lang='lat' dir='ltr'>primus</span> <span class='ocrx_word' id='word_1_59' title='bbox 584 1430 634 1488; x_wconf 91' lang='lat' dir='ltr'>hic</span> <span class='ocrx_word' id='word_1_60' title='bbox 657 1430 724 1488; x_wconf 89' lang='lat' dir='ltr'>lovi</span> <span class='ocrx_word' id='word_1_61' title='bbox 747 1430 898 1506; x_wconf 83' lang='lat' dir='ltr'>Lapersio</span> 
     </span>
    </p>

    <p class='ocr_par' dir='ltr' id='par_1_6' title="bbox 185 1514 1028 1926">
     <span class='ocr_line' id='line_1_14' title="bbox 185 1514 930 1593; baseline 0.003 -23"><span class='ocrx_word' id='word_1_62' title='bbox 185 1517 252 1571; x_wconf 85' lang='lat'>1370</span> <span class='ocrx_word' id='word_1_63' title='bbox 263 1514 520 1593; x_wconf 84' lang='lat' dir='ltr'>Cognominisque</span> <span class='ocrx_word' id='word_1_64' title='bbox 544 1521 575 1571; x_wconf 90' lang='lat' dir='ltr'>et</span> <span class='ocrx_word' id='word_1_65' title='bbox 592 1515 764 1592; x_wconf 84' lang='lat' dir='ltr'>Fulguritor</span> <span class='ocrx_word' id='word_1_66' title='bbox 784 1514 930 1590; x_wconf 88' lang='lat' dir='ltr'>Iuppiter,</span> 
     </span>
     <span class='ocr_line' id='line_1_15' title="bbox 261 1600 1007 1676; baseline -0.007 -17"><span class='ocrx_word' id='word_1_67' title='bbox 261 1601 348 1659; x_wconf 86' lang='lat' dir='ltr'>Telis</span> <span class='ocrx_word' id='word_1_68' title='bbox 369 1600 501 1659; x_wconf 79' lang='lat' dir='ltr'>trisulcis</span> <span class='ocrx_word' id='word_1_69' title='bbox 523 1600 658 1659; x_wconf 83' lang='lat' dir='ltr'>hosticas</span> <span class='ocrx_word' id='word_1_70' title='bbox 678 1601 865 1676; x_wconf 89' lang='lat' dir='ltr'>flam[m]ans</span> <span class='ocrx_word' id='word_1_71' title='bbox 885 1600 1007 1658; x_wconf 89' lang='lat' dir='ltr'>domos:</span> 
     </span>
     <span class='ocr_line' id='line_1_16' title="bbox 261 1684 1028 1762; baseline -0.007 -18"><span class='ocrx_word' id='word_1_72' title='bbox 261 1686 388 1760; x_wconf 77' lang='lat' dir='ltr'>Quicum</span> <span class='ocrx_word' id='word_1_73' title='bbox 411 1686 480 1762; x_wconf 86' lang='lat' dir='ltr'>ipsa</span> <span class='ocrx_word' id='word_1_74' title='bbox 502 1684 624 1758; x_wconf 83' lang='lat' dir='ltr'>moriar,</span> <span class='ocrx_word' id='word_1_75' title='bbox 642 1686 734 1760; x_wconf 86' lang='lat' dir='ltr'>inque</span> <span class='ocrx_word' id='word_1_76' title='bbox 759 1686 886 1744; x_wconf 84' lang='lat' dir='ltr'>mortuis</span> <span class='ocrx_word' id='word_1_77' title='bbox 910 1700 1028 1761; x_wconf 85' lang='lat' dir='ltr'>vagans</span> 
     </span>
     <span class='ocr_line' id='line_1_17' title="bbox 261 1769 1009 1845; baseline -0.005 -16"><span class='ocrx_word' id='word_1_78' title='bbox 261 1771 348 1829; x_wconf 92' lang='lat' dir='ltr'>Tunc</span> <span class='ocrx_word' id='word_1_79' title='bbox 367 1770 488 1831; x_wconf 85' lang='lat' dir='ltr'>audiam</span> <span class='ocrx_word' id='word_1_80' title='bbox 508 1770 571 1827; x_wconf 92' lang='lat' dir='ltr'>illic</span> <span class='ocrx_word' id='word_1_81' title='bbox 591 1771 655 1842; x_wconf 83' lang='lat' dir='ltr'>illa,</span> <span class='ocrx_word' id='word_1_82' title='bbox 678 1788 755 1844; x_wconf 90' lang='lat' dir='ltr'>quae</span> <span class='ocrx_word' id='word_1_83' title='bbox 775 1777 848 1845; x_wconf 90' lang='lat' dir='ltr'>post</span> <span class='ocrx_word' id='word_1_84' title='bbox 874 1769 1009 1845; x_wconf 83' lang='lat' dir='ltr'>eloquar.</span> 
     </span>
     <span class='ocr_line' id='line_1_18' title="bbox 262 1852 833 1926; baseline -0.009 -9"><span class='ocrx_word' id='word_1_85' title='bbox 262 1856 323 1917; x_wconf 88' lang='lat' dir='ltr'>Sed</span> <span class='ocrx_word' id='word_1_86' title='bbox 347 1864 378 1912; x_wconf 87' lang='lat' dir='ltr'>et</span> <span class='ocrx_word' id='word_1_87' title='bbox 398 1855 560 1926; x_wconf 73' lang='lat' dir='ltr'>secundus,</span> <span class='ocrx_word' id='word_1_88' title='bbox 580 1852 730 1914; x_wconf 86' lang='lat' dir='ltr'>interemti</span> <span class='ocrx_word' id='word_1_89' title='bbox 752 1855 833 1912; x_wconf 86' lang='lat' dir='ltr'>lilius</span> 
     </span>
    </p>

    <p class='ocr_par' dir='ltr' id='par_1_7' title="bbox 186 1940 962 2357">
     <span class='ocr_line' id='line_1_19' title="bbox 186 1940 852 2016; baseline -0.003 -17"><span class='ocrx_word' id='word_1_90' title='bbox 186 1943 299 2002; x_wconf 80' lang='lat'><strong>1375111</strong></span> <span class='ocrx_word' id='word_1_91' title='bbox 322 1949 386 1999; x_wconf 91' lang='lat' dir='ltr'>rete</span> <span class='ocrx_word' id='word_1_92' title='bbox 408 1941 482 1997; x_wconf 91' lang='lat' dir='ltr'>muti</span> <span class='ocrx_word' id='word_1_93' title='bbox 501 1940 595 2016; x_wconf 89' lang='lat' dir='ltr'>piscis</span> <span class='ocrx_word' id='word_1_94' title='bbox 619 1940 728 1997; x_wconf 90' lang='lat' dir='ltr'>immiti</span> <span class='ocrx_word' id='word_1_95' title='bbox 750 1940 852 2011; x_wconf 78' lang='lat' dir='ltr'>modo,</span> 
     </span>
     <span class='ocr_line' id='line_1_20' title="bbox 264 2024 931 2101; baseline -0.003 -18"><span class='ocrx_word' id='word_1_96' title='bbox 264 2027 391 2084; x_wconf 85' lang='lat' dir='ltr'>Terram</span> <span class='ocrx_word' id='word_1_97' title='bbox 411 2025 556 2082; x_wconf 82' lang='lat' dir='ltr'>cremabit</span> <span class='ocrx_word' id='word_1_98' title='bbox 575 2025 735 2101; x_wconf 81' lang='lat' dir='ltr'>hospitem·</span> <span class='ocrx_word' id='word_1_99' title='bbox 749 2024 860 2082; x_wconf 86' lang='lat' dir='ltr'>Medici</span> <span class='ocrx_word' id='word_1_100' title='bbox 882 2024 931 2081; x_wconf 84' lang='lat' dir='ltr'>dei</span> 
     </span>
     <span class='ocr_line' id='line_1_21' title="bbox 264 2109 862 2186; baseline -0.01 -15"><span class='ocrx_word' id='word_1_101' title='bbox 264 2110 405 2171; x_wconf 86' lang='lat' dir='ltr'>Oraculis</span> <span class='ocrx_word' id='word_1_102' title='bbox 425 2128 493 2166; x_wconf 90' lang='lat' dir='ltr'>cum</span> <span class='ocrx_word' id='word_1_103' title='bbox 512 2109 694 2186; x_wconf 87' lang='lat' dir='ltr'>multilingui</span> <span class='ocrx_word' id='word_1_104' title='bbox 716 2110 862 2167; x_wconf 85' lang='lat' dir='ltr'>exercitu.</span> 
     </span>
     <span class='ocr_line' id='line_1_22' title="bbox 263 2194 811 2272; baseline -0.004 -18"><span class='ocrx_word' id='word_1_105' title='bbox 263 2199 304 2254; x_wconf 88' lang='lat' dir='ltr'>At</span> <span class='ocrx_word' id='word_1_106' title='bbox 326 2214 397 2272; x_wconf 85' lang='lat' dir='ltr'>rege</span> <span class='ocrx_word' id='word_1_107' title='bbox 419 2194 567 2270; x_wconf 87' lang='lat' dir='ltr'>lignatore</span> <span class='ocrx_word' id='word_1_108' title='bbox 589 2195 694 2252; x_wconf 91' lang='lat' dir='ltr'>tertius</span> <span class='ocrx_word' id='word_1_109' title='bbox 716 2202 811 2266; x_wconf 78' lang='lat' dir='ltr'>satus,</span> 
     </span>
     <span class='ocr_line' id='line_1_23' title="bbox 262 2278 962 2357; baseline -0.007 -18"><span class='ocrx_word' id='word_1_110' title='bbox 262 2279 401 2357; x_wconf 81' lang='lat' dir='ltr'>Figulum</span> <span class='ocrx_word' id='word_1_111' title='bbox 419 2286 557 2337; x_wconf 75' lang='lat' dir='ltr'>recenter</span> <span class='ocrx_word' id='word_1_112' title='bbox 578 2280 725 2356; x_wconf 85' lang='lat' dir='ltr'>virginem</span> <span class='ocrx_word' id='word_1_113' title='bbox 744 2278 962 2339; x_wconf 87' lang='lat' dir='ltr'>Brancbesiam</span> 
     </span>
    </p>

    <p class='ocr_par' dir='ltr' id='par_1_8' title="bbox 188 2364 956 2765">
     <span class='ocr_line' id='line_1_24' title="bbox 188 2364 935 2427; baseline -0.011 0"><span class='ocrx_word' id='word_1_114' title='bbox 188 2372 255 2427; x_wconf 78' lang='lat'>1380</span> <span class='ocrx_word' id='word_1_115' title='bbox 265 2366 393 2426; x_wconf 86' lang='lat' dir='ltr'>Glebam</span> <span class='ocrx_word' id='word_1_116' title='bbox 414 2365 543 2423; x_wconf 90' lang='lat' dir='ltr'>solutam</span> <span class='ocrx_word' id='word_1_117' title='bbox 565 2365 687 2423; x_wconf 91' lang='lat' dir='ltr'>flumine</span> <span class='ocrx_word' id='word_1_118' title='bbox 708 2364 853 2422; x_wconf 85' lang='lat' dir='ltr'>inducens</span> <span class='ocrx_word' id='word_1_119' title='bbox 877 2364 935 2421; x_wconf 89' lang='lat' dir='ltr'>sibi</span> 
     </span>
     <span class='ocr_line' id='line_1_25' title="bbox 264 2449 916 2527; baseline -0.008 -17"><span class='ocrx_word' id='word_1_120' title='bbox 264 2452 422 2510; x_wconf 88' lang='lat' dir='ltr'>Terrestre</span> <span class='ocrx_word' id='word_1_121' title='bbox 446 2469 541 2527; x_wconf 86' lang='lat' dir='ltr'>egeno</span> <span class='ocrx_word' id='word_1_122' title='bbox 564 2468 673 2508; x_wconf 91' lang='lat' dir='ltr'>munus</span> <span class='ocrx_word' id='word_1_123' title='bbox 697 2450 811 2525; x_wconf 83' lang='lat' dir='ltr'>optanti</span> <span class='ocrx_word' id='word_1_124' title='bbox 834 2449 916 2520; x_wconf 83' lang='lat' dir='ltr'>dare,</span> 
     </span>
     <span class='ocr_line' id='line_1_26' title="bbox 263 2533 902 2613; baseline -0.011 -17"><span class='ocrx_word' id='word_1_125' title='bbox 263 2538 357 2596; x_wconf 91' lang='lat' dir='ltr'>Libro</span> <span class='ocrx_word' id='word_1_126' title='bbox 381 2535 514 2613; x_wconf 89' lang='lat' dir='ltr'>sigillum</span> <span class='ocrx_word' id='word_1_127' title='bbox 536 2536 616 2609; x_wconf 92' lang='lat' dir='ltr'>quod</span> <span class='ocrx_word' id='word_1_128' title='bbox 638 2535 747 2594; x_wconf 88' lang='lat' dir='ltr'>fuisset</span> <span class='ocrx_word' id='word_1_129' title='bbox 770 2533 902 2605; x_wconf 82' lang='lat' dir='ltr'>conduli,</span> 
     </span>
     <span class='ocr_line' id='line_1_27' title="bbox 263 2617 956 2697; baseline -0.012 -17"><span class='ocrx_word' id='word_1_130' title='bbox 263 2624 411 2680; x_wconf 87' lang='lat' dir='ltr'>Montana</span> <span class='ocrx_word' id='word_1_131' title='bbox 431 2620 588 2678; x_wconf 88' lang='lat' dir='ltr'>Phthirum</span> <span class='ocrx_word' id='word_1_132' title='bbox 610 2636 705 2697; x_wconf 81' lang='lat' dir='ltr'>regna</span> <span class='ocrx_word' id='word_1_133' title='bbox 727 2619 809 2678; x_wconf 87' lang='lat' dir='ltr'>solus</span> <span class='ocrx_word' id='word_1_134' title='bbox 833 2617 956 2689; x_wconf 81' lang='lat' dir='ltr'>incolet,</span> 
     </span>
     <span class='ocr_line' id='line_1_28' title="bbox 264 2704 943 2765; baseline -0.007 0"><span class='ocrx_word' id='word_1_135' title='bbox 264 2707 401 2765; x_wconf 90' lang='lat' dir='ltr'>Peditem</span> <span class='ocrx_word' id='word_1_136' title='bbox 422 2706 585 2763; x_wconf 90' lang='lat' dir='ltr'>retundens</span> <span class='ocrx_word' id='word_1_137' title='bbox 609 2704 689 2763; x_wconf 84' lang='lat' dir='ltr'>Cara</span> <span class='ocrx_word' id='word_1_138' title='bbox 708 2704 943 2761; x_wconf 74' lang='lat' dir='ltr'>mercenariume</span> 
     </span>
    </p>

    <p class='ocr_par' dir='ltr' id='par_1_9' title="bbox 113 2786 981 3206">
     <span class='ocr_line' id='line_1_29' title="bbox 113 2786 893 2866; baseline -0.004 -16"><span class='ocrx_word' id='word_1_139' title='bbox 113 2786 120 2813; x_wconf 85' lang='lat'><em>&#39;</em></span> <span class='ocrx_word' id='word_1_140' title='bbox 189 2800 255 2855; x_wconf 79' lang='lat'>1385</span> <span class='ocrx_word' id='word_1_141' title='bbox 265 2791 392 2850; x_wconf 90' lang='lat' dir='ltr'>Petulca</span> <span class='ocrx_word' id='word_1_142' title='bbox 414 2809 481 2847; x_wconf 88' lang='lat' dir='ltr'>cum</span> <span class='ocrx_word' id='word_1_143' title='bbox 501 2790 630 2848; x_wconf 90' lang='lat' dir='ltr'>nonaria</span> <span class='ocrx_word' id='word_1_144' title='bbox 650 2790 769 2866; x_wconf 85' lang='lat' dir='ltr'>sugium</span> <span class='ocrx_word' id='word_1_145' title='bbox 791 2797 893 2850; x_wconf 87' lang='lat' dir='ltr'>terens</span> 
     </span>
     <span class='ocr_line' id='line_1_30' title="bbox 263 2874 826 2950; baseline -0.009 -15"><span class='ocrx_word' id='word_1_146' title='bbox 263 2877 400 2936; x_wconf 87' lang='lat' dir='ltr'>Nictabit</span> <span class='ocrx_word' id='word_1_147' title='bbox 423 2875 495 2933; x_wconf 89' lang='lat' dir='ltr'>olim</span> <span class='ocrx_word' id='word_1_148' title='bbox 513 2876 646 2950; x_wconf 85' lang='lat' dir='ltr'>nuptias,</span> <span class='ocrx_word' id='word_1_149' title='bbox 667 2874 826 2932; x_wconf 88' lang='lat' dir='ltr'>catulliens</span> 
     </span>
     <span class='ocr_line' id='line_1_31' title="bbox 265 2956 889 3037; baseline -0.013 -16"><span class='ocrx_word' id='word_1_150' title='bbox 265 2956 361 3037; x_wconf 83' lang='lat' dir='ltr'>Turpi</span> <span class='ocrx_word' id='word_1_151' title='bbox 381 2961 526 3020; x_wconf 88' lang='lat' dir='ltr'>suburrae</span> <span class='ocrx_word' id='word_1_152' title='bbox 549 2961 744 3018; x_wconf 87' lang='lat' dir='ltr'>barbarorum</span> <span class='ocrx_word' id='word_1_153' title='bbox 764 2960 889 3016; x_wconf 90' lang='lat' dir='ltr'>nubere.</span> 
     </span>
     <span class='ocr_line' id='line_1_32' title="bbox 265 3041 981 3122; baseline -0.014 -17"><span class='ocrx_word' id='word_1_154' title='bbox 265 3047 372 3120; x_wconf 79' lang='lat' dir='ltr'>Quarti</span> <span class='ocrx_word' id='word_1_155' title='bbox 392 3046 554 3121; x_wconf 86' lang='lat' dir='ltr'>Dymantis</span> <span class='ocrx_word' id='word_1_156' title='bbox 576 3046 724 3122; x_wconf 84' lang='lat' dir='ltr'>sanguine</span> <span class='ocrx_word' id='word_1_157' title='bbox 746 3064 765 3101; x_wconf 93' lang='lat' dir='ltr'>a</span> <span class='ocrx_word' id='word_1_158' title='bbox 784 3041 954 3110; x_wconf 78' lang='lat' dir='ltr'>veterrimo,</span> <span class='ocrx_word' id='word_1_159' title='bbox 978 3080 981 3087; x_wconf 75' lang='lat'><strong>.</strong></span> 
     </span>
     <span class='ocr_line' id='line_1_33' title="bbox 264 3126 933 3206; baseline -0.013 -15"><span class='ocrx_word' id='word_1_160' title='bbox 264 3131 495 3205; x_wconf 83' lang='lat' dir='ltr'>Lacmoniique‚</span> <span class='ocrx_word' id='word_1_161' title='bbox 514 3139 576 3188; x_wconf 89' lang='lat' dir='ltr'>tum</span> <span class='ocrx_word' id='word_1_162' title='bbox 599 3128 749 3206; x_wconf 83' lang='lat' dir='ltr'>Cytinaei‚</span> <span class='ocrx_word' id='word_1_163' title='bbox 769 3137 800 3186; x_wconf 88' lang='lat' dir='ltr'>ct</span> <span class='ocrx_word' id='word_1_164' title='bbox 825 3126 933 3186; x_wconf 83' lang='lat' dir='ltr'>Codri:</span> 
     </span>
    </p>

    <p class='ocr_par' dir='ltr' id='par_1_10' title="bbox 189 3208 1078 3377">
     <span class='ocr_line' id='line_1_34' title="bbox 189 3208 1078 3292; baseline -0.008 -18"><span class='ocrx_word' id='word_1_165' title='bbox 189 3226 257 3281; x_wconf 79' lang='lat'>1390</span> <span class='ocrx_word' id='word_1_166' title='bbox 267 3217 326 3291; x_wconf 79' lang='lat' dir='ltr'>Qui</span> <span class='ocrx_word' id='word_1_167' title='bbox 348 3216 513 3292; x_wconf 88' lang='lat' dir='ltr'>Thingrum</span> <span class='ocrx_word' id='word_1_168' title='bbox 535 3217 689 3273; x_wconf 88' lang='lat' dir='ltr'>habebunt</span> <span class='ocrx_word' id='word_1_169' title='bbox 708 3222 739 3272; x_wconf 90' lang='lat' dir='ltr'>et</span> <span class='ocrx_word' id='word_1_170' title='bbox 760 3232 904 3271; x_wconf 83' lang='lat' dir='ltr'>cacumen</span> <span class='ocrx_word' id='word_1_171' title='bbox 928 3208 1078 3283; x_wconf 78' lang='lat' dir='ltr'>Samium,</span> 
     </span>
     <span class='ocr_line' id='line_1_35' title="bbox 267 3299 882 3377; baseline -0.011 -16"><span class='ocrx_word' id='word_1_172' title='bbox 267 3304 307 3362; x_wconf 85' lang='lat' dir='ltr'>Et</span> <span class='ocrx_word' id='word_1_173' title='bbox 328 3300 526 3377; x_wconf 87' lang='lat' dir='ltr'>marginalem</span> <span class='ocrx_word' id='word_1_174' title='bbox 547 3300 668 3376; x_wconf 92' lang='lat' dir='ltr'>pristini</span> <span class='ocrx_word' id='word_1_175' title='bbox 689 3299 882 3375; x_wconf 86' lang='lat' dir='ltr'>peninsulam</span> 
     </span>
    </p>

    <p class='ocr_par' dir='ltr' id='par_1_11' title="bbox 209 3381 991 3629">
     <span class='ocr_line' id='line_1_36' title="bbox 209 3381 991 3463; baseline -0.008 -20"><span class='ocrx_word' id='word_1_176' title='bbox 209 3428 215 3443; x_wconf 48' lang='lat'><em>0</em></span> <span class='ocrx_word' id='word_1_177' title='bbox 266 3387 444 3463; x_wconf 85' lang='lat' dir='ltr'>Empandae</span> <span class='ocrx_word' id='word_1_178' title='bbox 466 3386 588 3443; x_wconf 79' lang='lat' dir='ltr'>Edusae</span> <span class='ocrx_word' id='word_1_179' title='bbox 608 3385 770 3460; x_wconf 89' lang='lat' dir='ltr'>plurimum</span> <span class='ocrx_word' id='word_1_180' title='bbox 791 3382 883 3441; x_wconf 85' lang='lat' dir='ltr'>invisi</span> <span class='ocrx_word' id='word_1_181' title='bbox 906 3381 991 3451; x_wconf 82' lang='lat' dir='ltr'>deae,</span> 
     </span>
     <span class='ocr_line' id='line_1_37' title="bbox 268 3467 906 3544; baseline -0.009 -15"><span class='ocrx_word' id='word_1_182' title='bbox 268 3472 369 3530; x_wconf 89' lang='lat' dir='ltr'>Patris</span> <span class='ocrx_word' id='word_1_183' title='bbox 389 3470 509 3529; x_wconf 90' lang='lat' dir='ltr'>virosae</span> <span class='ocrx_word' id='word_1_184' title='bbox 528 3469 722 3528; x_wconf 86' lang='lat' dir='ltr'>multiformis</span> <span class='ocrx_word' id='word_1_185' title='bbox 744 3467 906 3544; x_wconf 78' lang='lat' dir='ltr'>scraptiae‚</span> 
     </span>
     <span class='ocr_line' id='line_1_38' title="bbox 270 3553 815 3629; baseline -0.006 -16"><span class='ocrx_word' id='word_1_186' title='bbox 270 3554 455 3628; x_wconf 79' lang='lat' dir='ltr'>Quotidiano</span> <span class='ocrx_word' id='word_1_187' title='bbox 477 3573 554 3629; x_wconf 87' lang='lat' dir='ltr'>quae</span> <span class='ocrx_word' id='word_1_188' title='bbox 576 3554 710 3612; x_wconf 91' lang='lat' dir='ltr'>libidinis</span> <span class='ocrx_word' id='word_1_189' title='bbox 730 3553 815 3611; x_wconf 89' lang='lat' dir='ltr'>lucro</span> 
     </span>
    </p>
   </div>
   <div class='ocr_carea' id='block_1_3' title="bbox 0 0 1311 4214">
    <p class='ocr_par' dir='ltr' id='par_1_12' title="bbox 0 0 1311 4214">
     <span class='ocr_line' id='line_1_39' title="bbox 0 0 1311 4214; baseline 0 0"><span class='ocrx_word' id='word_1_190' title='bbox 0 0 1311 4214; x_wconf 95' lang='lat' dir='ltr'> </span> 
     </span>
    </p>
   </div>
  </div>
 </body>
</html>
