2604 4210
683 354 745 415 390

259 520 379 586 Sistens
402 523 569 584 obscoenas
592 524 710 602 speeies
735 523 852 583 oruoias
872 525 1050 584 animorum.

257 693 299 752 39
347 693 455 752 Cereris
471 696 572 775 matria
582 695 792 753 Eleuaioieose's
805 696 945 769 suffimen,
957 704 1082 753 sturooo.

257 779 349 838 Alma
368 777 461 839 Ceres
483 786 580 837 mater
599 777 723 852 Divum,
746 779 943 837 celeberrima
964 780 1036 853 Dia,

257 863 379 938 Rumia,
403 871 510 922 sancta
527 864 633 938 Pales,
660 865 743 940 copis
766 864 939 941 largissima
960 865 1043 938 victi,

259 949 373 1010 Omnia
394 948 482 1022 dens,
503 950 617 1028 fruges,
642 957 673 1006 et
690 967 776 1026 opes,
797 948 947 1022 Pomona,
971 947 1109 1027 Segesta,

258 1034 391 1095 Tantum
409 1034 626 1093 concelebrans
648 1052 765 1110 paoem,
790 1034 1000 1111 agrioolasque
1020 1035 1157 1097 labores:

259 1117 399 1192 Semona,
420 1120 595 1193 Automula,
616 1118 758 1191 tritutrix,
780 1118 1043 1196 frugiparensque,

258 1203 345 1278 Quae
368 1212 513 1281 augustae
534 1204 665 1285 sacraria
684 1202 840 1263 Eleusinis
862 1204 1037 1264 dominaris.

260 1287 447 1361 Oiucunda,
470 1289 611 1366 benigna,
632 1288 787 1347 hominum
809 1289 1017 1366 placidissima
1038 1292 1151 1366 nutrix,

258 1371 344 1446 Quae
360 1371 444 1448 prior
462 1373 612 1450 agricolas
633 1373 751 1433 iunxsti
773 1375 829 1432 sub
851 1374 987 1452 plaustra
1005 1375 1135 1450 triones,

259 1457 416 1516 Illeeebris
437 1459 538 1516 mitem
560 1458 702 1517 eduloans
723 1455 896 1517 mortalibu'
919 1460 1043 1518 vietum:

258 1544 337 1603 Aevi
354 1541 543 1625 adolescens,
565 1543 802 1620 Bmmorumque
826 1544 951 1618 sodalis,
974 1545 1093 1604 honora

258 1628 590 1709 Lucia,taedigerens,
612 1648 780 1688 messorum
802 1626 923 1688 feieibu’
946 1630 1092 1708 gaudens.

260 1713 399 1772 Tellumo
420 1722 463 1788 tu,
483 1722 574 1791 tuque
596 1714 735 1786 illustris,
756 1722 847 1788 tuque
870 1711 1002 1774 omnibu'
1023 1716 1140 1789 ridens,

258 1798 439 1872 Proletario,
462 1818 569 1858 amans
590 1807 688 1873 natae,
710 1797 779 1856 Dea
798 1797 910 1858 Rumia
932 1800 1044 1873 nutrix,

260 1882 346 1956 Quae
367 1885 485 1962 biiuges
506 1885 611 1962 auriga
632 1885 741 1961 iugans
770 1883 808 1940 ad
828 1883 917 1941 frena
939 1884 1087 1959 colubras,

259 1970 417 2027 Amfraetu
437 1969 576 2027 oiroaneo
601 1988 674 2027 ovas
698 1976 819 2026 tusam
842 1969 910 2028 sola
930 1978 1044 2027 sancta.

258 2053 411 2131 Unigena,
428 2061 458 2111 et
471 2054 565 2125 forda,
581 2062 670 2128 atque
683 2053 835 2111 homiuum
855 2055 1073 2131 augustissima
1089 2072 1172 2128 eura,

261 2138 344 2212 Quoi
367 2145 439 2196 sunt¹
459 2140 620 2215 omnigena
638 2146 668 2195 et
690 2139 762 2214 quoi
784 2138 1003 2216 frugiparentia
1023 2140 1113 2198 volta.

259 2223 341 2299 Ergo
364 2222 422 2279 huo
447 2223 648 2300 spinigerente
669 2240 852 2301 gravescens
874 2243 997 2282 munere
1013 2225 1172 2298 adesdum,

259 2306 423 2366 Adduoens
444 2326 551 2384 paoem
576 2315 605 2365 et
627 2308 727 2385 legum
750 2309 914 2369 concordia
932 2310 1008 2382 iura,

222 2380 232 2399 ⁸
260 2393 431 2467 Fertileque
452 2394 527 2451 uber
548 2412 651 2470 opum,
677 2400 707 2450 et
725 2392 875 2469 pollentia
898 2394 979 2452 dona
1001 2395 1119 2454 salutis.

261 2563 302 2621 ⁴0
412 2564 589 2637 Empaodae
602 2564 707 2620 matria
728 2563 869 2637 suffimen,
893 2573 1034 2621 aromata.

262 2638 465 2723 Omnipotens
486 2646 644 2724 Empanda
664 2665 787 2723 parens,
809 2644 1005 2706 celeberrima
1025 2646 1099 2719 Dia,

260 2734 358 2791 Mater
372 2730 630 2808 Ooeligentmque
641 2731 752 2804 Deom,
774 2738 803 2789 et
816 2733 983 2791 mortalium
993 2732 1175 2805 homonum,

261 2814 347 2889 Quae
369 2816 441 2875 olim
464 2834 568 2875 errans
592 2810 743 2875 desiderio
765 2818 885 2893 perfixa
903 2817 1011 2876 nitenti

262 2899 370 2963 Solata
390 2921 422 2961 es
436 2902 476 2983 ⁴in
495 2900 650 2961 Eleusinis
671 2901 783 2959 ieiunia
801 2902 892 2975 valle,

260 2986 362 3049 Eurva
383 2987 488 3045 obiens
511 2986 717 3063 Proserpinae
739 2987 955 3063 omnipotentis
978 2992 1112 3060 Averna,

260 3072 334 3149 Ipsa
356 3072 462 3130 ducem
483 3071 642 3133 offendens
663 3090 771 3149 purum
791 3091 854 3130 non
876 3092 951 3148 pura
972 3071 1118 3148 puellum,

260 3157 444 3216 Narrantem
465 3157 575 3216 inferni
597 3157 749 3215 connubia
768 3155 884 3217 Diiovi’
905 3158 1011 3216 sancti.

209 3304 216 3315 ,
261 3240 348 3315 Quae
374 3239 506 3301 Consum
526 3242 609 3318 paris
630 3241 690 3299 iota
710 3242 833 3300 humani
853 3241 978 3300 volnere
1004 3241 1130 3301 amoris.

262 3326 308 3384 Te
329 3328 454 3385 multum
475 3327 570 3385 votita
587 3345 697 3403 preoor
717 3327 908 3386 sanctissima
926 3334 1033 3399 mater,

261 3411 331 3470 Huc
351 3420 404 3471 tuo
425 3411 759 3470 adventaretaventem
781 3411 832 3469 dia
854 3402 993 3470 Camillo.
