2586 4214
503 311 654 405 jsr-

118 478 276 538 Traustris
300 477 464 552 loquentis,
483 490 514 538 et
535 481 652 558 peritae
674 499 802 541 currere.

118 568 160 624 At
180 582 288 623 rursus
310 570 396 621 antro
418 563 470 639 qui
492 566 644 642 revulsi[t]
666 566 807 641 mulleos,

119 647 444 720 memmatensis,
467 651 632 724 baltheum,
652 660 741 726 atque
762 672 866 712 ensem
884 655 992 731 patris,

120 733 178 794 cui
199 732 312 810 Scyrus
333 732 407 791 olim
427 733 601 795 lacrumosa
619 738 726 794 funera

118 818 301 895 Praecipitis
320 817 402 875 iufra
424 820 581 879 stridulum
603 822 766 880 umbonem
788 822 851 901 iugi
939 814 941 819 ’
1033 825 1100 881 taos

121 903 224 966 Saltus
245 902 364 981 parabit
384 903 565 981 insepultos,
586 906 763 984 Phemipor,

28 993 32 999 ’
120 991 239 1066 Mystae
259 995 359 1047 comes‘
382 987 491 1062 leonis,
516 991 648 1050 hosticae
672 992 746 1049 deae

121 1074 184 1150 Qui
204 1072 310 1132 mulsit
329 1074 404 1131 uber
421 1073 551 1134 lacteum
568 1076 734 1148 Feretriae,

120 1160 183 1218 Fur
202 1158 316 1217 balthei
338 1158 422 1215 litem
445 1161 588 1219 excitavit
610 1161 772 1237 duplicem,
831 1176 835 1181 ⁴

121 1243 246 1304 Oestum
264 1242 427 1317 revellens,
449 1253 479 1303 et
499 1245 716 1322 Themiscyrae
738 1247 893 1305 inclutam·

120 1333 202 1388 Arcu
222 1335 379 1406 putentem
399 1329 569 1388 Porrimam
593 1332 689 1389 civem
710 1333 860 1394 auferens.

122 1413 216 1474 Cuius
240 1432 360 1472 sorores
384 1415 517 1492 virgines
535 1415 727 1493 Neptuuides

121 1500 205 1558 Erim
223 1505 313 1581 atque
333 1498 480 1577 Lagmuru
501 1501 688 1573 deserentes,
704 1501 870 1573 Telamum,

121 1584 251 1644 Flueuta
273 1583 511 1647 Thermodontis
532 1595 621 1659 atque
641 1589 737 1644 Actae
758 1588 839 1665 iuga,

122 1669 247 1729 Poenas
269 1669 394 1744 rapinae
417 1670 624 1744 quaesitautes
648 1689 786 1745 asperas,

120 1755 194 1814 latri
214 1753 262 1812 uls
288 1761 448 1813 sonantem
470 1755 615 1832 gurgitem
639 1755 714 1813 citas
737 1773 830 1829 equas

121 1840 232 1917 Egere,
256 1839 375 1897 hiantes
400 1839 557 1897 horitorem
579 1841 642 1899 oris
661 1859 770 1899 sonum

123 1923 261 1996 Graecis,
281 1925 393 1983 vetusti
415 1924 546 1999 filiisque
564 1925 735 1982 Erechthei.

123 2010 314 2083 Omncmque
335 2009 410 2068 duro
432 2009 529 2069 Marte
551 2018 708 2069 vastarunt
728 2029 841 2088 agrum,

122 2096 199 2172 Igne
216 2093 385 2153 ustulantes
406 2095 591 2172 patrimonia
611 2096 762 2172 Mopsopi.

122 2180 271 2254 Meusque
290 2197 415 2256 campos
440 2180 589 2238 Thraciae
610 2181 758 2257 populans
781 2200 867 2252 avus,

124 2264 310 2339 Terramque
331 2265 472 2338 Eordam,
497 2273 558 2323 tum
581 2265 784 2325 Galadraeum
806 2266 915 2337 solum,

122 2350 258 2408 Peneum
281 2349 320 2406 ad
342 2368 462 2407 amnem
484 2351 595 2425 panxit
616 2351 682 2408 arvi
702 2351 860 2423 terminos,

123 2434 243 2496 Servile
267 2434 375 2492 vinclis
398 2434 576 2511 imprimens
596 2435 671 2493 collo
691 2435 804 2512 iugum,

121 2520 241 2578 Virtute
262 2526 424 2596 praestans
446 2519 563 2577 iuvenis
586 2528 616 2576 et
637 2521 733 2576 forma
755 2520 831 2578 suis.

122 2606 261 2664 Athaco
281 2604 444 2663 bubulcum
462 2604 617 2680 suppetias
643 2624 699 2681 pro
722 2612 763 2661 tot
782 2603 869 2662 malis

124 2689 361 2750 Oudouivestem
384 2708 498 2764 sexque
519 2691 641 2748 navium
663 2689 769 2747 ducem

123 2775 261 2847 Mittens,
279 2775 383 2852 ligone
403 2775 487 2835 celsa
507 2776 586 2833 fodit
603 2774 734 2834 moenia.

123 2861 202 2918 Eum
222 2862 344 2918 Moneta
362 2861 545 2920 vorticordia
568 2862 704 2920 coetibus

123 2945 225 3004 Dehm
247 2944 387 3018 sacrabit,
409 2964 500 3004 causa
516 2947 657 3024 princeps
679 2946 821 3003 luctuum.

124 3029 243 3090 Rursus
263 3030 417 3088 Timolum
441 3030 616 3092 deserentes
639 3032 772 3090 vultures

123 3116 165 3174 Et
184 3113 342 3192 Oimpsou,
363 3133 545 3191 aureumque
565 3116 683 3177 Pactoli
703 3116 813 3187 sinum,

123 3201 165 3258 Et
181 3219 275 3275 aquas
299 3199 436 3272 Paludis,
459 3201 543 3258 cuius
563 3202 594 3259 in
616 3201 765 3260 cubilibus

125 3285 285 3361 Typhonis
308 3305 385 3344 uxor
408 3303 517 3361 aspero
535 3293 603 3344 toro
625 3287 757 3358 incubat,

124 3371 256 3448 Agyllan
278 3370 441 3430 Ausouitiu
459 3370 617 3442 intrarunt,
637 3390 759 3448 gravem

125 3453 235 3516 Sacris
253 3456 428 3534 Liguribus,
448 3455 559 3531 quique
581 3454 678 3531 primo
699 3453 860 3515 Sithouum

124 3539 212 3601 Duru
230 3541 384 3620 gigantum
406 3548 477 3599 sunt
493 3539 587 3598 creati
611 3541 769 3618 sauguine,
