2604 4210
626 319 778 413 *quq-

248 491 353 551 Hucce
376 489 452 549 dicis
474 507 586 550 caussa
607 490 803 550 advenientes
826 489 949 548 nurnine
971 491 1068 550 amico

249 571 366 635 Mitibu'
390 575 546 652 temperiis
564 576 698 645 fntnntes
719 594 796 634 sana
816 575 937 633 fluenta.

250 746 289 805 51
404 746 567 804 Trienuulc'c
584 746 682 804 Patrio
704 747 845 822 suffimen,
867 754 1010 803 aromata.

248 831 318 889 Huc
335 830 419 889 adsis
440 830 544 903 Liber,
564 830 713 904 Lucumo,
736 829 930 888 celeberrime
949 827 1020 901 Die,

249 915 392 988 Torcnle,
413 914 605 988 Taurifrons,
627 924 694 975 sete
714 915 852 988 fulmine,
877 912 987 992 Nysie,
1009 914 1127 988 Fauno,

248 1001 355 1061 Matris
376 1001 510 1073 alumne,
533 1003 652 1059 sucrum
676 1008 775 1078 pater,
797 999 960 1077 ignivomo,
979 1007 1009 1057 et
1019 998 1163 1073 Velabro,

249 1084 425 1159 Consentis,
444 1093 602 1158 nocturne,
625 1085 798 1164 gerifernle,
821 1095 851 1143 et
872 1084 1010 1156 tutulcte,

247 1177 368 1231 Arcane
389 1179 477 1246 atque
495 1170 607 1229 indicte
629 1171 713 1229 Iovis
735 1171 839 1248 stirps,
869 1170 1000 1229 Virtrius
1020 1169 1116 1229 idem:

248 1256 434 1334 Primigena,
455 1254 488 1284 '⁴'
512 1264 602 1332 utque
623 1254 725 1313 Deum
746 1264 834 1333 pater
857 1263 887 1314 et
907 1255 1011 1331 stirps.

248 1341 367 1413 Baiule,
386 1340 619 1417 sceptrigerens,
646 1338 856 1417 Saliorumque
881 1339 987 1400 histrio
1007 1340 1145 1415 praesul,

248 1426 414 1485 Fncmineo
434 1424 594 1484 stimulans
618 1424 719 1483 divina
740 1425 871 1484 triennis
893 1432 991 1484 coetu.

250 1510 429 1587 Terricrepe
451 1517 540 1584 atque
561 1509 674 1587 Tages,
697 1507 844 1583 Lucetiu’,
864 1509 948 1588 pulle
969 1509 1110 1583 bimater,

250 1593 416 1668 Solemnis,
438 1604 570 1668 cornute,
590 1594 740 1673 Iugatine,
763 1595 996 1655 hinnulivestis:

249 1681 385 1754 Insinue,
407 1681 543 1752 Iuturne,
566 1681 736 1752 racemifer,
759 1681 938 1755 auriquiriti‚

248 1766 403 1844 virginee,
426 1766 560 1826 studiose
581 1766 750 1838 ederarum,
769 1764 872 1824 vinule
892 1765 997 1837 Liber,

248 1850 437 1913 Fluminibus
458 1850 575 1923 faveas,
591 1850 776 1927 gratissime,
798 1851 921 1909 floribus
942 1868 1069 1928 augens.

249 2019 290 2078 52
331 2054 333 2058 ,
363 2021 566 2078 Accivercarii
588 2021 729 2095 suffimen,
750 2022 846 2078 omnio
863 2029 982 2097 praeter
1001 2030 1055 2079 tas.

248 2105 348 2162 Elicio
371 2123 462 2179 prece
483 2112 513 2162 te
537 2104 685 2163 solemnis
708 2104 849 2164 Tellumo
872 2105 975 2177 Liber,

250 2187 326 2248 Cum
345 2189 458 2247 teneris
477 2189 587 2247 blundo
610 2189 699 2248 simul
720 2190 873 2267 expergite
895 2189 1034 2248 vitabus:

249 2273 309 2347 Qui
330 2293 453 2355 numero
478 2274 597 2350 sopitus
617 2275 656 2332 ad
675 2274 753 2332 atria
772 2274 903 2333 Liberae
925 2276 1078 2347 Avernae,

248 2359 322 2418 Pnri
343 2359 486 2436 consopis
508 2358 637 2437 augusta
657 2360 788 2417 triennia
807 2360 895 2418 sacri.

248 2449 348 2520 Atque
370 2444 450 2502 idem
473 2445 600 2502 simulac
623 2445 667 2503 cis
684 2445 766 2503 festa
787 2444 920 2503 triennia
943 2462 1061 2516 rursus,

248 2528 347 2588 Dulce
370 2531 431 2589 cies
457 2548 524 2588 cunr
543 2530 683 2588 cinctutis
707 2530 866 2588 nutricibu'
889 2547 1022 2601 carmen,

249 2613 360 2692 Vagitu
380 2622 525 2693 vegetans
546 2623 648 2673 coetus
670 2615 856 2674 vortentibus
878 2614 976 2672 annis.

248 2698 331 2776 Ergo
353 2700 413 2758 hoc
434 2699 626 2777 frugIvirens‚
645 2700 730 2773 here,
754 2700 901 2777 corniger,
925 2698 1052 2776 optime,
1071 2699 1163 2777 frugi,

248 2783 450 2843 Pandicnlare
473 2802 591 2842 sucrum
612 2785 707 2857 meas,
731 2785 785 2844 sed
806 2785 920 2842 lumine
941 2784 1035 2864 laeto,

248 2868 458 2946 Perooqnibus
478 2869 586 2943 sacris,
607 2870 738 2929 aeternis
758 2871 888 2948 frugibu'
907 2876 1034 2926 mactus.

249 3039 290 3099 53
335 3039 460 3109 Silvani,
483 3041 597 3111 Iucubi,
615 3041 793 3099 Brumarum
813 3040 953 3115 suffimen,
974 3057 1092 3095 manna.

248 3125 329 3183 Audi
349 3144 397 3182 me
419 3124 525 3184 Brumi
548 3125 628 3183 bone
652 3126 818 3183 nutricatur
841 3133 871 3183 et
894 3123 980 3194 altor,

248 3210 346 3287 Inque
369 3210 456 3270 stetis
476 3210 572 3268 sacris
594 3230 656 3269 non
678 3210 785 3268 ultima
807 3228 878 3268 curn
898 3208 1045 3279 Deorum,

248 3296 420 3373 Magnaque
441 3313 513 3353 cura
534 3294 701 3367 hominum,
723 3295 919 3357 celeberrime
939 3291 1152 3369 Sylvanornm,

248 3379 408 3456 Hircipile‚
430 3388 459 3438 et
483 3398 586 3438 escrae
609 3381 732 3457 pompai
753 3380 878 3456 praesul
902 3380 1045 3436 honeste:

248 3464 394 3544 Pervigil,
415 3473 505 3539 atque
525 3464 585 3522 tuis
606 3464 817 3538 iuvenescens,
838 3463 942 3536 iubile,
964 3462 1093 3521 Faunis:

248 3549 426 3608 Brnmcrnm
444 3548 608 3607 cinctarum
630 3550 739 3624 ederis,
762 3558 944 3628 praetorque
967 3547 1112 3620 virorum,
