2586 4214
557 344 619 404 3¹9

127 514 298 574 Defunctus
320 512 395 573 abiit
415 513 556 574 lacrumis
580 524 610 574 et
630 513 771 573 luctibus.

128 600 256 658 Teucer.
302 596 384 670 Heu,
403 597 472 654 heu.
1033 670 1035 675 ,
1117 626 1125 641 .

128 683 184 745 01].
226 683 341 744 Audita
361 682 472 741 Teucri
491 703 562 757 vox,
583 684 657 741 mihi
676 691 710 741 ut
732 683 850 743 videor:
869 692 945 743 tace.
1042 680 1094 737 975

127 770 226 829 Porro
242 769 366 844 quiritat
387 786 509 827 carmen
530 768 621 826 affine
643 769 713 826 huic
734 769 827 827 malo.

128 854 206 913 Teu.
248 854 275 914 0
297 852 391 911 frater
410 853 500 925 Aiax,
523 873 541 912 o
562 854 637 912 mihi
658 872 760 911 carum
783 863 880 930 caput.

126 940 214 999 Itane
235 938 303 996 alea
325 938 424 1001 omnis
444 938 535 1009 iactu,
564 946 597 996 ut
616 956 721 997 omnes
740 939 916 997 autumant?

128 1023 185 1084 01].
230 1026 340 1085 Actum
354 1031 414 1082 est:
437 1025 484 1082 vir
495 1023 559 1095 ille,
571 1024 653 1098 quod
668 1023 760 1097 scias,
774 1023 903 1096 Teucre,
923 1024 1042 1082 occidit.

128 1109 205 1167 Teu.
229 1109 257 1169 Ο
279 1126 431 1184 asperam,
450 1127 630 1186 gravemque
652 1110 801 1169 fortunam
823 1111 936 1168 meam!
1059 1115 1112 1169 980

128 1193 184 1254 ch.
228 1193 272 1255 Ut
293 1201 428 1251 notares
449 1201 504 1252 est.
549 1193 625 1251 Teu.
649 1193 720 1251 Heu
732 1213 788 1272 ego
802 1195 910 1254 miseri
933 1193 1042 1253 miseri

129 1278 185 1338 01].
229 1278 1042 1355 Planegemendumest.,Teu.Ogrcvissimummalum!

128 1363 184 1424 01].
229 1363 618 1436 Hoc,Teucre,verumest.
649 1364 803 1427 Tau.Heu
817 1366 927 1424 miseri
949 1364 1042 1440 quid?

127 1449 218 1508 Illius
235 1449 270 1506 in
292 1468 352 1523 quo
376 1447 504 1507 Troadis
529 1449 604 1508 situs
627 1448 696 1508 loco
720 1450 788 1509 esti
948 1450 1042 1525 [filius
1127 1513 1128 1516 ,

127 1533 184 1593 01].
214 1533 316 1595 Ellum
331 1535 424 1594 intus.
465 1533 540 1591 Teu.
552 1532 642 1592 Illum
655 1551 745 1608 quam
757 1542 861 1611 potest
873 1535 1028 1593 celerrime
1041 1547 1093 1601 985

126 1619 197 1679 Huc
218 1619 300 1678 intus
324 1618 409 1690 educ,
432 1618 558 1694 nequis
579 1627 613 1676 ut
631 1619 763 1676 catulum
785 1620 905 1678 unicum

129 1705 232 1765 Orbas
251 1704 376 1761 leaenae
398 1702 564 1761 malevolus
587 1720 694 1779 rapere
716 1713 850 1779 occupet.

126 1789 203 1849 Abi:
224 1807 313 1847 move
338 1798 382 1847 te:
409 1807 504 1846 curre.
528 1805 596 1844 nam
617 1788 787 1846 iacentibus

129 1875 247 1936 Omnes
270 1874 392 1932 student
411 1893 445 1932 se
463 1872 591 1932 mortuis
611 1872 764 1931 illudere·

127 1958 184 2019 01].
230 1957 292 2019 Sed
312 1958 410 2016 adhuc
433 1965 463 2016 et
484 1957 563 2015 idem
585 1958 672 2017 vivus
694 1957 741 2015 illi
765 1958 869 2017 sedulo
1041 1974 1093 2027 990

127 2043 243 2104 Curare
262 2043 318 2102 tibi
337 2044 502 2116 mandavit,
525 2051 558 2101 ut
576 2062 664 2102 curas
685 2038 817 2119 quidem.
998 2057 999 2060 ’

128 2129 206 2188 Teu.
242 2129 413 2189 omnnium
430 2147 657 2204 unquam,quaa
665 2129 785 2204 quidem
799 2129 896 2188 oculis
905 2128 1041 2203 viderim,

127 2213 341 2291 Spectaculum
361 2214 612 2273 horridissumum
635 2222 665 2272 et
682 2215 914 2292 gravissumum.

128 2300 158 2361 Ο
179 2307 300 2376 praeter
319 2319 436 2372 omnes,
456 2318 532 2374 quas
555 2300 707 2376 profectus
730 2319 796 2359 sum
819 2300 956 2370 antehac,

127 2384 270 2443 Laedens
290 2404 390 2443 meum
413 2404 464 2442 cor
485 2403 628 2442 maxume
650 2384 725 2441 haec
745 2384 902 2459 profectio,
1041 2399 1092 2453 995

125 2470 293 2544 Postquam
311 2479 392 2542 tuae,
415 2469 505 2540 Aiax,
526 2469 633 2527 mortis
653 2476 750 2526 atrum
773 2469 914 2526 nuncium

127 2553 232 2628 Sensi,
257 2556 421 2629 insequens
444 2560 561 2626 cuncta,
590 2561 679 2626 atque
701 2553 856 2629 vestigans
879 2559 954 2611 cate.

127 2639 210 2699 Nam
231 2640 307 2699 citus
329 2640 479 2698 Achivum
502 2646 602 2697 castra
621 2637 854 2715 pervolgaverat

129 2725 175 2783 Te
195 2725 256 2783 iam
278 2726 396 2800 perisse
417 2743 530 2796 rumor,
550 2730 583 2780 ut
602 2721 672 2795 Dei,
696 2722 847 2798 frequens.

128 2810 218 2886 Quae
236 2829 301 2868 cum
323 2811 416 2868 miser
436 2809 620 2886 longinquus
643 2808 776 2866 audirem
796 2808 911 2884 procul,
1042 2827 1109 2880 1000

127 2896 250 2956 Absens
274 2896 446 2973 gemebam:
469 2912 548 2951 nunc
569 2893 675 2952 videns
696 2912 789 2969 pereo
812 2892 901 2950 male.

127 2981 177 3039 Me
195 2981 352 3039 miseruml

127 3065 236 3124 Velum
257 3065 353 3136 aufer,
373 3084 459 3123 omne
480 3072 523 3137 ut,
546 3063 686 3140 quicquid
704 3070 761 3136 est,
780 3063 898 3121 videam
918 3062 1039 3120 malum.

129 3150 157 3210 Ο
182 3151 247 3208 dira
269 3151 387 3225 species
411 3157 581 3225 perpetrata
603 3149 756 3221 atrociter,

127 3234 211 3309 Quot
232 3236 323 3295 corda
347 3254 435 3293 curas
458 3236 605 3293 obserens
623 3234 748 3293 moreris
770 3231 866 3291 mihil
1041 3252 1107 3305 1005

127 3319 213 3393 Quae
231 3340 312 3379 nunc
330 3321 418 3379 adibo
439 3320 555 3397 regna?
576 3338 653 3394 quos
676 3319 815 3377 homiues
836 3319 955 3393 petam?

127 3402 185 3464 Oui
210 3425 273 3465 non
294 3414 346 3464 tua
367 3408 399 3464 in
421 3425 455 3463 re
477 3424 611 3480 crepera,
636 3404 743 3477 amice,
764 3404 912 3462 iuverim?

127 3489 276 3549 Telamon
298 3509 395 3564 meus,
416 3500 544 3565 tuusque
566 3490 731 3548 communis
751 3497 838 3565 pater

127 3574 242 3636 Laetus
266 3595 325 3649 me,
345 3584 376 3634 et
394 3575 483 3635 hilari
502 3576 602 3637 fronte
619 3575 757 3633 reducem
778 3573 894 3666 scilicet
