2586 4214
514 351 664 447 —2—81*

421 508 462 575 ‘H
485 515 592 597 ῥαδινὴ
617 514 745 599 Μελίτη.
951 523 1044 603 (Ui)

130 598 277 661 Nondum
302 599 391 658 etiem
413 601 492 661 senii
512 605 569 663 aab
590 605 706 676 limine,
727 607 849 681 puberis
872 608 939 666 aevi

173 685 304 757 Interiit,
322 684 436 758 Melite,
460 689 558 764 gratia
576 690 674 765 prima
694 690 747 748 tui.

131 771 281 831 Malorum
303 769 359 829 sed
380 771 478 830 adhuc
499 775 640 850 splendet
660 774 750 833 nitor.
774 776 887 834 eminet
906 777 982 837 illex

174 854 230 914 Vis
252 854 341 915 oculi.
357 857 523 916 ,Annorum
546 868 593 918 est
614 860 668 919 sed
684 878 782 935 neque
799 879 918 919 summa
932 863 1044 923 brevis.

131 944 231 1016 Atque
252 940 398 1017 puellaria
419 952 520 1001 manet
539 943 592 1002 iila
612 946 776 1021 protervia.
799 944 848 1005 Ob
868 947 960 1019 istud,

175 1027 310 1103 Tempus
333 1035 470 1087 naturam
492 1029 613 1088 vincere
635 1048 736 1106 poaee,
759 1038 848 1108 nego.

420 1190 568 1257 Σπεύδων
594 1195 623 1257 el
645 1195 755 1279 φιλέει.
951 1200 1045 1278 (Ui)

131 1280 313 1357 Experiena,
337 1300 424 1355 quam
445 1300 493 1340 me
516 1302 575 1341 non
598 1284 733 1362 segniter
754 1285 839 1343 ardet
858 1285 1005 1358 Broccho,

177 1365 228 1427 Sic
248 1386 304 1444 ego
328 1384 383 1425 cor
400 1368 469 1427 licto
494 1370 733 1445 compositisque
755 1370 831 1428 dolia

133 1452 357 1529 Adgrediebar:
379 1451 447 1529 Ego
472 1452 583 1512 dicam:
603 1454 668 1513 Iam
691 1454 803 1538 migro:
825 1474 951 1532 peregre

175 1538 246 1596 Ibo:
269 1536 356 1609 Vale,
377 1555 413 1593 ac
434 1538 529 1596 nostri
550 1537 628 1612 vive,
648 1540 761 1615 puella,
785 1559 907 1598 memor.

134 1623 296 1700 Ingemuit,
319 1640 417 1695 neque
440 1623 594 1694 sustinuit,
615 1624 807 1699 frontemque
829 1626 940 1696 fenivit,

176 1707 217 1765 Et
235 1708 343 1765 cirrum
363 1725 379 1763 e
400 1715 480 1764 torta
501 1706 623 1766 discidit
640 1728 740 1786 ungue
763 1727 860 1782 coma,

134 1791 176 1852 Ut
198 1811 397 1867 maneamqne
418 1801 516 1868 rogat.
535 1793 642 1851 Fracto
662 1813 722 1852 non
744 1794 848 1853 tardus
875 1796 973 1856 ocello

177 1875 319 1951 Credere,
339 1877 377 1934 do
400 1876 494 1935 victas
514 1877 645 1936 utilitate
667 1898 784 1938 manue.

135 1959 210 2023 Sum
228 1963 303 2021 felix
323 1963 393 2021 voti.
418 1960 501 2020 Nam
520 1961 601 2037 quod
622 1964 735 2023 fecisse
755 1964 896 2024 volebam

178 2048 322 2107 Officium
344 2056 374 2105 et
392 2066 501 2106 munus
522 2048 581 2107 hoc
602 2050 691 2123 quasi
712 2050 825 2128 grande
845 2051 922 2109 dedi.

387 2211 639 2297 Ύπομνηστικὸν.
953 2221 1047 2299 ζ(76)

388 2293 521 2360 ’Elaeae
546 2299 600 2381 μὲν
623 2300 795 2383 χλοάουσα.

135 2383 196 2442 Hic
215 2404 288 2462 ager
307 2387 452 2445 umbroso
471 2406 624 2445 ramorum
644 2388 776 2464 tegmine
797 2408 928 2449 vernans

142 2496 145 2503 ’
177 2470 365 2530 Fructiferaa
385 2470 501 2529 frondis
522 2471 655 2546 explicat
673 2491 761 2529 omne
783 2473 884 2532 decus.

136 2555 195 2614 Hic
218 2555 331 2634 clangit
348 2575 455 2617 versus
476 2557 687 2631 cupresaorum
712 2557 792 2614 inter
811 2577 925 2635 opacos

177 2639 336 2699 Pullorum
358 2649 453 2699 mater
475 2659 565 2698 rauca
587 2639 721 2699 cohortis
748 2642 824 2703 avia.

136 2725 196 2785 Hic
215 2726 367 2803 fringultit
389 2725 536 2798 acanthis,
559 2733 589 2782 et
610 2725 660 2782 hic
677 2726 819 2785 acredula
838 2736 962 2804 questus

177 2812 371 2890 Ingeminana
394 2812 472 2870 inter
496 2811 591 2870 densa
610 2811 717 2869 rubeta
739 2812 833 2871 sedet.
931 2822 933 2827 ’

136 2893 211 2970 Quis
234 2896 308 2954 mihi
326 2896 416 2955 ludus
438 2897 469 2955 in
493 2896 553 2968 hia,
575 2915 641 2954 cum
664 2914 717 2955 voa
740 2897 844 2956 audire
863 2897 1025 2972 loquentes

177 2982 295 3055 Malim,
316 3000 405 3057 quam
425 2981 551 3040 Phoebo
572 3000 649 3059 quae
671 2989 762 3053 sonat
782 2982 844 3040 icta
862 2981 989 3059 chelys?

135 3067 248 3141 Atquin
272 3085 320 3124 me
342 3068 454 3142 duplex
474 3075 598 3124 exercet
621 3085 701 3124 cura.
726 3067 836 3125 Videre

177 3150 258 3211 Nam
278 3132 362 3226 roso,
388 3171 504 3212 summe
522 3152 629 3224 vnum,
650 3160 692 3224 te,
714 3150 927 3227 Damalimque
939 3170 1048 3225 meam,

137 3234 204 3311 Qua
228 3237 328 3295 celeo:
353 3238 409 3297 sed
430 3257 478 3296 me
497 3237 572 3295 iuris
593 3236 698 3309 tutela,
718 3236 846 3312 piusque

177 3321 342 3383 Dorcalida
363 3342 383 3381 a
404 3330 510 3381 tenera
531 3331 593 3379 tam
611 3320 718 3398 procul
739 3330 822 3380 arcet
841 3323 950 3380 honoa.

425 3502 426 3507 ’
469 3487 591 3571 Θεσμὸν
610 3484 721 3569 Ἔρως.
954 3490 1049 3570 (Ul)

136 3573 189 3634 Ius
206 3579 308 3636 nescit
329 3577 480 3638 violentus
501 3581 607 3638 Amor.
628 3577 780 3636 Diducere
801 3583 953 3636 amantem
