2502 4218
503 390 656 488 A

130 555 285 641 Χαίρωνος
306 555 406 624 ἐλκυς.
427 552 577 627 Κίνδυνος
594 560 721 706 πριόΕρας
740 556 831 625 σελίτ.

129 640 305 706 Χελιδόνιον
331 644 475 723 μουσεῖα.
497 640 602 705 Θύουσ
635 641 643 662 ‘
675 641 752 703 στία.

129 724 238 790 Χιαστὶ
261 726 383 789 τίλλειν.
407 721 468 789 Τδν
490 728 560 810 περὶ
583 726 686 812 ψυχῆς
705 723 835 809 τρέχειν.

128 807 230 914 Χορδν
253 810 376 893 δίδωμι.
399 806 489 957 Μέχα
511 812 538 873 τὶ
558 810 670 880 ἐσθλὸς
695 808 833 915 άγγελυτ.

605 641 613 668 θ

129 893 285 980 Ψαφωνος
308 892 415 978 ὄρνεις.
433 892 446 917 ”
472 917 554 978 γγιον
578 896 696 979 κνήμης
717 915 802 975 γονυ.

128 977 327 1062 Ψευδόπυροι.
349 975 480 1063 Μύρμηξ
499 981 519 1063 ἡ
539 981 688 1064 κάμηλος.
710 975 794 1041 Ἷσον
816 975 884 1061 ίσιρ.

130 1061 257 1147 Ψύραθε
278 1062 333 1126 τὰν
355 1061 496 1146 Σπάρταν
519 1063 613 1146 ἄγειν.
636 1061 777 1147 Κέγχρον
801 1065 924 1145 τροποῖς.

128 1143 229 1211 Ὠθεῖν
256 1148 417 1230 δικράνοις.
436 1147 524 1211 Ἀλλ’
550 1149 623 1213 ἰδὼν
647 1145 827 1229 ἐπειθόμην.

126 1228 177 1302 Ὡς
200 1231 266 1294 ἀντὶ
287 1253 326 1317 χο
349 1232 413 1315 δῆς.
432 1229 671 1318 Ἐσκιμαλίχθαι
692 1254 726 1295 σε
749 1232 806 1294 δεῖ.
875 1294 877 1299 ,

127 1313 179 1385 Ὡς
202 1317 234 1379 ἐν
261 1254 431 1401 κατόπτρῳ.
455 1314 557 1402 Μέχρι
578 1323 638 1382 τῶν
662 1316 861 1402 ἀμφωτίδων.

449 1401 509 1463 ἀπὸ
529 1424 545 1463 τ
566 1407 712 1487 οχαϊκῶν.

128 1478 168 1547 ‘A
189 1484 225 1546 δὲ
243 1487 313 1568 χεῖρ
335 1483 388 1546 τὰν
407 1488 500 1568 χεῖρα
522 1425 606 1558 νίζει.
630 1486 683 1556 δός
705 1510 743 1563 τι,
765 1485 819 1548 καί
838 1496 865 1546 τι
888 1482 1037 1567 λάμβανε.

129 1569 239 1632 Αίετδν
262 1564 389 1631 τίκτοντ’
411 1569 472 1651 ἐγώ
495 1592 529 1632 σε
550 1571 705 1654 κάνθαρος
727 1568 923 1654 μαιεύσομαι.

127 1651 227 1717 Ἀλλά
248 1652 282 1734 γ’
304 1655 347 1720 ὡς
366 1653 451 1736 ἥρως
472 1652 503 1715 ἐν
529 1654 633 1718 ἀσπίδι
655 1656 767 1724 Εενίσαι
790 1674 824 1713 σε
845 1652 1005 1737 βούλομαι.

127 1735 328 1820 ἈμριδεἝιος
348 1735 405 1821 γὰρ
427 1738 503 1821 ἀνὴρ
525 1740 597 1822 εἰμὶ,
616 1738 649 1800 κ>
673 1740 733 1823 οὐχ
754 1737 931 1821 ἁμαρτάνω.

126 1818 233 1905 Ἀνδρὶ
254 1821 349 1906 Λυδῷ
366 1822 519 1905 πράγματ’
543 1823 599 1887 οὐκ
622 1823 670 1906 ἦν.
696 1826 712 1888 ό
737 1820 765 1884 δ’
784 1823 882 1884 άπιὼν
902 1818 1037 1902 ἐπρίατο.

126 1904 253 1970 ‘Anam
274 1905 555 1989 θερμολουσίαισιν,
576 1908 657 1993 ἁβρὰ
682 1903 926 1992 μαλθακευνίαις.

127 1988 305 2072 Ἀπονέμυυ
330 2012 382 2072 μοι
397 1995 451 2073 τῆς
466 1990 593 2076 ἁμάξης.
615 1997 675 2055 τῶν
690 1993 718 2055 δ’
733 1991 811 2055 όνων
825 1989 861 2052 ού
877 2011 930 2072 μοι
942 1987 1038 2071 μέλει.

127 2073 343 2160 ῗΑρτιιύτατος,
367 2075 470 2159 ὥσπερ
494 2077 525 2138 ἐν
547 2082 609 2144 τοῖς
627 2078 797 2162 ὀργάνοισιν
821 2075 840 2157 ἡ
866 2074 973 2157 μαγάς.

127 2159 292 2244 Ἀσφαλὴς
312 2159 369 2241 γάρ
393 2159 454 2221 ἐστ’
479 2161 624 2245 ἀμείνων,
647 2162 667 2245 ἢ
688 2162 783 2247 ταχύς
805 2159 1021 2242 στρατηλάτης.

124 2240 311 2327 Ἀίιότερον
335 2244 489 2328 ταρίχους.
514 2243 598 2315 Βοῦς
618 2246 690 2309 ποτ’
713 2248 744 2309 ἐν
767 2245 881 2330 βοτάνη
907 2241 989 2324 μένε.

129 2328 292 2394 Βάσκανος
313 2328 364 2389 καί
388 2329 539 2413 δυσμενὴς
557 2330 721 2415 ὀφθαλμός
743 2330 806 2392 ἐστι
828 2326 985 2408 γειτόνων.
1004 2369 1007 2375 ·

129 2411 204 2481 Βίας
228 2411 282 2494 ὅδ’,
304 2411 471 2496 ίχθύων·ό
498 2415 592 2498 μείων
614 2416 677 2477 ἐστι
698 2416 837 2498 μείζονος
857 2411 967 2494 τροφή.

129 2494 282 2581 Βορβόριρ
303 2497 402 2579 πηγὴν
423 2500 549 2581 μιαίνων
573 2497 688 2562 οὔποθ’
711 2498 852 2583 εὑρήσεις
873 2495 977 2557 ποτόν.

129 2581 153 2646 Γ
156 2584 283 2664 αυμιιῖιν,
306 2583 348 2647 ὡς
369 2581 398 2643 εί
414 2582 543 2646 καθεῖλε
564 2584 617 2666 τὴν
640 2584 671 2645 ἐν
690 2581 798 2667 Ἀργει
819 2579 943 2644 ἀσπίδα.

130 2666 189 2730 Διὰ
212 2664 309 2748 μέσου
334 2666 384 2728 καὶ
407 2668 495 2771 λιμὸς
518 2667 611 2752 ἐκρεῖ.
637 2669 689 2730 καὶ
712 2665 833 2752 μάλιστ)
857 2663 1038 2729 ἀπόλλυται.

130 2752 231 2814 Δοῦλε
254 2750 411 2811 δεσποτῶν
434 2752 529 2815 άκουε
551 2753 602 2815 καὶ
625 2754 726 2815 δίκαιοι
748 2751 867 2838 κηίδιιια.

130 2832 206 2898 Είθε
230 2834 369 2918 φαύλως,
391 2836 494 2920 ὥσπερ
519 2836 615 2922 εὗρες,
637 2837 771 2924 ἐκβάλῃς
790 2837 844 2920 τὴν
868 2833 997 2898 ἔνθεσιν.

128 2917 180 2988 Ἐς
199 2921 290 2986 κυνὸς
308 2920 405 3002 πυγὴν
431 2922 575 3005 όρᾷσθαι,
600 2925 652 2985 καὶ
672 2946 688 2985 τ
709 2928 762 2985 ιῶν
784 2919 965 2984 ἀλωπέκων.

124 3002 210 3068 Ἔστι
229 3008 289 3066 τῶν
313 3003 344 3064 ἐν
361 3008 405 3088 τῷ
426 3009 559 3091 μετώπῳ
580 3011 651 3070 νοῦν
675 2946 757 3109 ἔχειν
781 3003 951 3068 εἰωθότων.

123 3086 278 3173 Ἐσχατος
298 3083 514 3171 Κροτωνιατοῖν
536 3097 650 3175 πράτος
676 3093 774 3158 αλλας
792 3085 955 3155 Ἑλλάδος.

130 3172 264 3241 Εὐτελές
282 3172 339 3255 γὰρ
363 3174 485 3236 δεῖπνον
510 3174 599 3239 οὐδὲν
621 3175 747 3258 ἐμποιεῖ
765 3173 934 3258 παροινίαν.

121 3256 168 3323 Ἥ
188 3260 296 3339 λεοντῆ
324 3258 365 3340 μὴ
385 3258 532 3342 ’φίκηται,
562 3261 598 3322 σὺ
623 3260 657 3321 δέ
680 3257 852 3342 πρόσμαπτ’
865 3258 1039 3338 ἀλωπεκῆν.

124 3341 168 3408 Ἢ
188 3346 312 3426 φρονεῖν
332 3340 475 3418 ἔλασσον,
495 3344 514 3426 ἠ
537 3348 641 3426 μεῖζον
666 3342 816 3406 δύνασθαι
841 3341 871 3404 α’
895 3339 1018 3424 ἔπρεπε.

125 3425 183 3490 Ἢν
204 3427 241 3489 δὲ
261 3424 341 3509 ιιᾴμέ
356 3429 560 3512 ’ζωπυρήσης,
579 3430 633 3512 την
654 3427 669 3490 ἐ
694 3428 730 3510 ὴν
752 3426 785 3490 ύν
808 3428 949 3510 λύσομαι.

124 3508 184 3575 Ἢν
207 3510 303 3614 τύχης
325 3511 468 3586 δικάζων,
489 3515 572 3596 κρῖνε
593 3515 645 3597 τὴν
669 3453 815 3660 ἐλριηνίην
839 3512 934 3595 δίκην.

134 3594 249 3659 Θάττον
274 3617 309 3657 αν
330 3618 373 3664 τις
395 3596 427 3659 ἐν
449 3597 549 3683 πλοίῳ
567 3600 671 3660 πεσὼν
714 3597 823 3682 μάρτοι
847 3601 901 3660 τοῦ
929 3596 1032 3667 ξύλου.
