2586 4214
640 346 790 443 -3-6-2*
890 390 894 395 .

269 510 440 570 Taedarum
461 513 609 573 habentes
630 534 701 573 acre
720 516 989 593 propugnaculum,

269 595 373 656 Pullos
395 597 523 657 amictus
544 605 634 675 atque
654 600 755 658 fucum
778 602 916 678 corporis

266 682 339 740 Lito
355 690 495 760 gerentes
516 683 646 741 vestium
668 686 806 744 tectorio.

268 766 393 826 illustre
411 787 522 825 numen
543 767 591 827 his
611 789 669 847 ego
685 770 809 847 longum
828 770 885 828 dea

193 846 261 900 ¹1⁴⁰
269 850 371 910 (lauar
392 852 520 911 bacillos
543 852 665 913 feminis
684 855 884 932 gestantibus.

267 938 455 1012 Luctumque
477 936 579 997 multis
602 939 750 1016 virginum
772 941 950 1017 parentibus

270 1022 363 1083 Orbis
384 1021 552 1099 relinquam
572 1030 662 1096 retro,
683 1040 759 1099 quae
780 1025 884 1083 ducem
907 1025 1035 1103 impium

268 1107 354 1166 Deae
374 1107 524 1167 latronem
544 1109 704 1167 militarem
728 1107 869 1186 Cypridis

267 1194 329 1252 Diu
351 1199 519 1270 gementes,
541 1193 606 1252 iure
628 1195 783 1254 fraudatas
805 1195 863 1253 tori

194 1276 391 1336 tribuissent
412 1276 532 1354 puellas
556 1287 639 1337 sorte
658 1279 763 1355 iniqua
782 1279 924 1357 virgines.

268 1363 432 1438 Larymna,
453 1369 515 1419 tum
539 1360 695 1439 Sperchio,
716 1372 778 1422 tum
798 1364 940 1443 Boagrie,

269 1447 318 1505 Tu
335 1443 432 1524 Cyne,
453 1456 486 1504 tu
509 1445 674 1525 Scarphen,
697 1448 744 1507 vel
767 1448 938 1522 Phalorias,

268 1532 411 1606 Urbsque
432 1531 495 1589 alta
514 1530 666 1610 Neryoea,
687 1534 736 1591 vel
759 1533 951 1594 Thronitides

268 1617 336 1675 Vici
354 1616 540 1689 Locrenses,
563 1627 592 1676 et
611 1619 779 1695 Pyrautbia
796 1619 900 1691 ardua,

194 1700 262 1753 1150
270 1702 339 1762 Nec
360 1722 423 1760 non
445 1701 648 1762 Hodoedooea
672 1712 752 1762 tecta
775 1703 896 1780 Oilei[,]

268 1789 335 1848 Vos
356 1789 395 1846 ob
415 1806 549 1846 mearum
572 1789 742 1865 nuptiarum
766 1790 891 1847 crimina

269 1873 393 1932 Poenas
415 1873 570 1932 Minervae
590 1874 706 1932 scilicet
726 1892 853 1950 maguae
876 1874 951 1931 deae

270 1956 412 2029 Solvetis,
435 1976 533 2016 annos
557 1960 639 2016 mille
660 1958 792 2036 virgines
815 1977 892 2017 auus

269 2043 374 2103 Urnae
399 2041 527 2101 nefastis
549 2044 716 2102 nutrientes
741 2043 888 2102 sortibus:

194 2125 260 2179 1155
271 2127 367 2203 Queis
390 2126 576 2202 insepultum
600 2147 722 2204 semper
740 2129 771 2186 in
796 2142 877 2186 terra
899 2129 1024 2204 hospite

220 2236 227 2247 ·
268 2211 392 2288 Hospes
420 2210 592 2286 sepulcrum
615 2213 799 2271 distrahetur
820 2213 972 2286 fluctibus,

269 2295 346 2355 Cum
368 2297 503 2354 membra
525 2299 645 2357 cremiis
666 2298 804 2357 ustulans
825 2298 1001 2370 infamibus,

269 2381 411 2441 (linerem
432 2382 574 2459 procellis
595 2382 755 2441 ventilabit
776 2383 924 2441 Mulciber

269 2466 434 2526 Columbae
456 2468 494 2525 ab
514 2468 584 2527 altis
607 2470 784 2526 interemtae
806 2469 971 2527 montibus.

194 2550 261 2608 1160
270 2552 417 2627 Aliaeque
437 2559 528 2610 noctu
549 2554 677 2612 mortuis
699 2553 871 2613 simillimae

269 2636 399 2713 Campos
422 2638 549 2696 adibunt
569 2639 695 2717 virginis
720 2636 889 2709 Sithoniae,

269 2721 385 2780 Caecus
408 2722 516 2780 ocellis
539 2731 725 2800 aucupantes
749 2722 884 2793 semitas,

267 2811 408 2884 Augusta
427 2806 524 2865 Divae
547 2808 617 2865 dum
639 2815 799 2883 penetrent
819 2808 905 2878 atria,

267 2891 357 2951 Votis
378 2893 494 2950 cientes
517 2893 670 2969 supplices
693 2892 861 2950 Duellium:

193 2978 260 3034 1165
272 2978 461 3055 Magnusque
480 2987 602 3035 verrent
625 2996 727 3035 aream
751 2977 852 3054 scopis
873 2976 950 3033 deae

266 3062 307 3120 Et
329 3082 397 3120 rore
418 3063 653 3139 spargentium
677 3070 819 3120 caventes
842 3060 929 3119 civici

267 3147 393 3207 Furoris
414 3154 542 3205 aestum.
565 3167 635 3205 nam
658 3148 705 3206 vir
728 3147 827 3205 omnis
850 3145 927 3205 Ilius

268 3230 409 3292 Servabit
423 3232 505 3304 illas,
530 3250 657 3293 saxeum
675 3232 766 3290 rodus
787 3241 908 3301 tenens,

267 3323 330 3376 Aut
353 3336 480 3375 aeneam
503 3318 695 3392 secespitam,
712 3325 764 3374 aut
782 3316 937 3392 bupetiam

193 3402 402 3460 1170Aeierim
422 3410 550 3474 acutam,
569 3401 617 3460 vel
638 3401 857 3459 Phalacraeam
876 3399 993 3468 rudem,

269 3489 392 3545 Manum
415 3487 540 3546 studens
565 3487 674 3545 satiare
693 3486 826 3543 ieiunam
849 3485 943 3544 necis.

268 3571 395 3645 Impune
417 3580 487 3628 tuuc
507 3571 596 3646 plebs
616 3570 705 3628 laude
725 3572 851 3629 noxium
876 3569 982 3627 efferet
