2586 4214
512 356 661 451 Q
749 392 753 399 .

127 525 229 601 Ripae
251 523 305 583 sed
324 523 402 582 alios
424 535 513 598 atque
536 525 694 586 Teuchiris
717 527 788 605 iuga

127 609 238 667 Vicina
256 609 380 680 flebunt,
403 608 505 667 littore
527 610 641 669 eiectos
664 612 769 685 procul

127 694 261 752 Atlantis
284 693 323 751 ad
346 692 467 751 deserta
489 694 652 768 territoria,

128 778 273 837 Membris
296 784 456 836 nocentum
479 778 649 839 lancinatos
670 780 868 858 fragminum:
1038 795 1092 849 880

128 865 267 939 Mopsum
289 862 498 922 Titaeroneum
522 865 573 922 ubi
600 865 671 923 olim
690 866 811 925 navitae

127 948 224 1007 Busto
245 947 381 1006 indidere
403 956 563 1022 mortuum,
585 962 615 1007 et
634 951 722 1008 busto
745 969 838 1028 super

129 1031 270 1093 Statuere
293 1033 415 1109 cippum
436 1033 592 1092 funebrem
614 1037 735 1112 Argoae
753 1037 847 1095 trabis

128 1117 306 1176 Transtrum
328 1118 491 1191 revulsum,
513 1119 644 1177 manium
668 1120 835 1194 donarium,

127 1202 266 1280 Ausigda
288 1200 487 1278 Oinnyphaea
509 1204 587 1277 quod
610 1205 712 1281 rigans
735 1225 814 1281 aqua
1038 1216 1088 1272 885

126 1288 283 1346 Fecundat
302 1287 400 1345 undis.
421 1296 469 1346 ast
488 1288 607 1354 alumno
629 1288 724 1347 Nerei

128 1371 246 1429 Tritoni
271 1369 394 1430 Colchis
418 1391 526 1431 munus
552 1394 630 1432 uxor
651 1374 768 1446 obtulit,

127 1457 229 1514 Lurae
249 1456 369 1533 capacis
390 1476 511 1516 aureum
533 1458 730 1532 cambecium,

126 1542 191 1599 Iter
211 1541 331 1599 docenti
351 1559 411 1616 qua
432 1550 651 1620 perangustas
672 1544 742 1601 freti

126 1626 272 1684 Immittat
294 1645 364 1684 aras
387 1626 504 1703 Tiphys
525 1627 708 1685 incolumem
728 1634 832 1684 ratem.

126 1711 167 1769 Et
188 1711 254 1769 iura
275 1710 411 1770 Graecos
433 1713 554 1769 Africae
576 1730 737 1787 capessere

125 1795 299 1873 Pontigena
318 1805 389 1854 tuuc
409 1797 547 1855 biformis
570 1804 687 1854 asseret
708 1796 792 1865 deus,

127 1879 204 1940 cnm
224 1900 335 1939 munus
358 1881 389 1937 id
403 1882 490 1957 plebs
508 1881 638 1945 offerens
661 1880 844 1957 reciprocum

126 1965 260 2043 Libyssa
283 1965 430 2039 Graecae,
452 1966 569 2042 patriae
591 1972 764 2040 exemptum
787 1964 884 2022 dabit:

77 2059 85 2077 ¹
127 2053 269 2126 Metuque
292 2052 347 2109 fati
368 2071 476 2110 munus
496 2052 650 2127 Asbystae
672 2042 788 2108 infera

127 2135 260 2194 Telluris
283 2137 389 2194 umbra
411 2138 514 2196 subter
532 2136 667 2213 ignotum
689 2137 825 2208 obruent,

126 2220 189 2280 Ubi
210 2222 314 2279 ducem
334 2221 532 2280 miserrimum
555 2220 770 2297 Cyphensium,

125 2304 304 2381 Nautasqua
327 2306 366 2363 ad
383 2326 475 2364 uuum
497 2307 591 2364 flabra
612 2305 751 2363 Volturni
771 2312 903 2381 egerent,

125 2391 167 2449 Et
189 2410 229 2448 ex
247 2391 380 2467 Palytris
402 2390 497 2448 filium
518 2390 755 2461 Tenthredonis,

125 2477 397 2553 Amphrysiensem
418 2475 584 2552 principem
604 2473 832 2549 Euryampium,

125 2561 166 2619 Et
186 2561 358 2637 optimatem
382 2559 588 2635 saxicorporis
611 2558 674 2633 lupi

125 2645 285 2704 Donorum
309 2646 442 2716 edacem,
465 2652 495 2701 et
518 2643 656 2700 culminis
679 2640 895 2719 Tymphrestii.
994 2650 996 2657 '

126 2729 261 2803 Quorum
281 2729 401 2805 quidem
423 2734 594 2806 Aegoneam
617 2728 669 2784 alii
690 2727 817 2801 patriam

124 2814 344 2873 Desiderantes
365 2821 454 2889 atque
475 2813 622 2871 Echinum
646 2819 676 2869 et
697 2812 844 2884 Titarum,

124 2900 277 2974 Irumque,
298 2907 360 2957 tum
378 2899 541 2971 Trachina,
563 2907 626 2955 tum
643 2897 876 2955 Perrhoebicam

126 2983 245 3044 Gouum
265 2985 504 3059 Phalanumque,
533 2991 622 3057 atque
646 2982 826 3042 Olossorum
850 2981 927 3053 sola,

123 3071 164 3129 Et
185 3069 387 3141 Castanaean,
407 3068 590 3145 insepultum
610 3069 641 3125 in
664 3067 788 3143 rupibus

125 3158 242 3214 Aevum
265 3156 413 3231 supremis
438 3154 628 3211 eiulabuntur
648 3151 747 3210 malis.

125 3238 177 3301 Sic
196 3240 279 3298 aliud
299 3240 351 3298 alii
371 3241 461 3298 funus
485 3239 628 3314 adiunget
645 3236 741 3308 Deus,

123 3324 211 3384 Dura
229 3337 299 3382 ante
318 3326 433 3383 reditus
455 3325 591 3381 excitans
615 3322 797 3380 discrimina.

123 3410 215 3468 Illum
236 3411 346 3469 Aesari
366 3410 457 3481 unda,
480 3416 509 3466 et
529 3407 671 3485 oppidum
694 3404 870 3464 minutulum

125 3494 301 3567 Oenotriae,
322 3493 480 3567 Crimissa,
502 3493 590 3552 torris
611 3493 696 3550 noxii

123 3578 308 3640 Stinctorem
331 3580 464 3653 habebit,
486 3597 573 3655 quem
594 3576 753 3638 momordit
764 3581 905 3720 ἔξω.
