2502 4218
634 368 786 462 —Q-

255 535 317 612 Qui
336 534 436 594 nescit
455 533 551 607 illam,
571 554 731 611 perperam
753 536 810 596 scit
833 543 978 597 caeterae.

254 705 305 764 20.
350 703 421 762 Tibi
441 703 514 761 mali
534 723 639 763 omnes
660 705 819 764 invident?
841 713 872 764 at
890 726 949 763 non
972 706 1055 765 honi.

253 791 294 849 Et
315 789 428 849 nemini
448 807 567 861 omnes,
592 790 732 848 omnibus
756 810 844 849 nemo
858 791 982 850 invidet.

255 959 305 1019 21.
348 957 398 1018 Ne
419 959 558 1017 curiosus
581 977 693 1035 quaere
713 978 840 1019 caussas
863 961 1010 1033 omnium,

255 1043 458 1119 Quaecunque
478 1043 565 1102 libris
581 1044 629 1102 ris
647 1043 870 1121 Prophetarum
893 1046 1003 1104 indidit
1021 1084 1022 1089 κ

235 1131 368 1209 ΙΑῆἱιιῑιι
389 1127 486 1200 caelo,
508 1128 600 1204 plena
623 1131 725 1187 veraci
747 1129 826 1188 Deo.

255 1214 324 1275 Nec
346 1220 455 1290 operta
478 1213 557 1271 sacri
581 1231 715 1289 supparo
738 1213 851 1273 silentii

254 1300 427 1376 Irrumpere
446 1297 534 1368 aude,
558 1297 614 1356 sed
634 1298 783 1373 pudenter
803 1298 946 1375 praeteri.

255 1382 385 1443 Nescire
407 1381 495 1453 velle,
516 1399 593 1455 quae
615 1384 760 1460 magister
779 1382 932 1441 maximus

253 1469 372 1528 Docere
392 1486 450 1529 non
473 1465 548 1538 vult,
572 1466 689 1540 erudita
709 1469 833 1527 inscitia
855 1474 911 1526 est.

255 1638 306 1697 22.
352 1633 436 1696 site
458 1634 622 1711 Tyrannus
647 1634 728 1693 falsa
753 1636 889 1713 adegerit
908 1636 1006 1713 loqui⁷

254 1721 341 1781 Nihil
362 1721 539 1779 indecorum
559 1736 615 1777 nec
636 1720 717 1777 bono
738 1720 797 1793 fac,
821 1740 877 1779 nec
900 1722 972 1781 viro.

255 1806 417 1868 Servilium
440 1805 467 1864 si
488 1806 648 1869 verberum
670 1805 800 1864 intentat
823 1806 933 1879 minas,

256 1890 290 1954 si
312 1893 400 1951 triste
421 1890 526 1960 letum,
548 1889 700 1966 gratulare
721 1899 754 1948 tu
774 1891 840 1962 tibi,

255 1975 345 2050 Quod
365 1983 396 2033 te
415 1974 549 2050 experiri
571 1973 646 2031 dura
667 1993 722 2049 per
741 1976 925 2055 discrimina,

255 2060 368 2136 Quanti
387 2059 565 2118 aestimares
587 2058 756 2133 veritatem,
778 2061 913 2139 contigit.

255 2146 406 2208 Constare
427 2162 525 2220 parvo
542 2149 628 2201 tanta
649 2163 699 2204 ree
721 2166 780 2205 uon
800 2146 912 2205 debuit.

253 2232 424 2291 Poenarum
446 2229 556 2287 acerba
575 2227 654 2287 ridet
676 2232 785 2304 audax,
809 2231 912 2289 omnia

255 2317 316 2376 Pro
338 2316 464 2374 veritate
485 2313 537 2387 qui
553 2312 649 2385 timet,
668 2336 723 2393 pro
743 2336 777 2376 se
796 2316 880 2374 nihil.

256 2488 307 2546 23.
350 2484 418 2545 Nos
442 2488 602 2561 sciscitari,
625 2507 678 2546 cur
700 2484 811 2545 Catoni
832 2505 891 2544 nou
913 2485 1026 2558 datum,

257 2572 356 2649 Quam
379 2590 432 2630 cur
453 2573 556 2631 datum
576 2574 615 2632 sit
637 2570 954 2650 praemiummavula
976 2569 1062 2641 cato,

206 2659 211 2669 ’
256 2655 399 2721 Scisceas
421 2658 459 2715 ab
478 2659 559 2716 omni
581 2667 668 2736 parte
688 2658 828 2717 virtutem
850 2656 972 2714 unicum

254 2742 382 2801 Virtutis
406 2761 475 2801 esse
497 2743 676 2818 praemium,
700 2761 790 2801 omne
810 2749 945 2801 temnere

253 2827 384 2886 Paratus
405 2827 485 2885 ultro
509 2827 536 2885 si
557 2829 714 2887 offeratur:
737 2826 905 2885 Maximum
930 2833 977 2885 est

253 2913 377 2973 Amhire
398 2911 489 2984 nolle,
511 2930 601 2987 quum
622 2913 731 2972 mereri
753 2911 873 2972 sufficit.

253 2998 402 3073 Accipere
421 2995 500 3054 nolle
519 3017 609 3072 quam
632 2997 752 3069 mereri,
777 2997 874 3054 maius
898 3002 954 3054 est.

255 3167 306 3226 24.
350 3163 494 3225 Oblatum
514 3167 662 3227 honorem
683 3164 807 3224 reiicis?
831 3162 999 3235 considera,

254 3250 337 3312 Num
357 3249 454 3310 fastus
475 3251 562 3325 illud,
581 3251 752 3311 rusticusve
773 3251 813 3308 sit
833 3249 942 3327 pudor.

161 3344 164 3347 ’
254 3336 350 3397 Aufer
368 3336 518 3396 cavillum.
542 3337 667 3395 comiter
688 3336 732 3395 sic
752 3336 856 3407 refice,

254 3420 325 3482 Non
347 3422 434 3497 quasi
451 3440 597 3481 recusans
620 3421 800 3498 praemium,
822 3418 876 3481 sed
898 3417 1053 3501 differens.

255 3592 306 3653 25.
348 3570 467 3652 Niara
488 3592 525 3650 ab
547 3591 630 3651 omni
648 3596 855 3667 comparatum
876 3594 924 3647 est
942 3594 1080 3664 tempore

949 3678 959 3704 t
