2502 4218
475 357 626 452 —167—

99 519 183 592 1‚51.
207 517 503 605 ὠμοβόροισιλέουά
513 521 1005 610 οδχῆρμοτεπλὴνμέγαςαύχην.

137 602 218 664 τίπτε
241 606 473 673 καταπτώσσεις
489 610 597 682 ταῦτα,
618 608 735 689 λαγωδ,
757 609 834 691 δάκη
845 631 855 683 ;

96 684 115 770 ἧ
142 685 170 769 β’
192 688 262 751 άπδ
276 693 337 750 τῶν
360 687 480 774 ταύρων
504 691 553 755 ἐπὶ
574 696 629 755 σού
652 692 820 775 ύποβάντες
837 692 939 756 έλοιεν

135 774 255 848 κλᾶσαι,
279 772 332 919 την
356 771 461 842 ὄσσοις
479 775 538 859 ούχ
560 775 686 858 όρόωσι,
709 774 816 859 δέρην,

95 857 232 938 γενναίου
255 856 297 918 άπ
319 860 394 920 ελπε
415 856 513 941 μόρου
536 859 636 928 κλέος.
658 860 694 923 ού
718 860 847 923 δύνασαι
868 860 926 945 γὰρ

136 940 244 1004 τούτου
267 939 319 1003 ὑπ’
342 942 508 1009 ἀντιπάλου
530 946 612 1008 λιτδν
635 944 717 1029 έλιυρ
737 944 872 1008 θανέειν.

98 1110 181 1184 1,60.
204 1110 233 1171 εἰ
250 1110 302 1171 καὶ
324 1110 444 1195 χάσμα,
466 1114 577 1195 λαγὼς,
601 1111 749 1180 εἰσδύνεις
770 1110 845 1195 εδρύ
869 1110 1005 1191 λέοντος,

135 1191 194 1277 ἤδη
217 1196 233 1257 δ
256 1194 316 1301 θὴρ
339 1195 441 1258 δοκέει
460 1198 494 1260 τδ
518 1196 608 1279 στόμ’
630 1194 744 1280 ἔρημον
769 1194 863 1281 ἔχειν.

96 1277 137 1347 εἰς
156 1278 213 1340 τίν’
239 1278 486 1362 δρουσεινῶτα;
508 1281 595 1344 τίνιον
619 1280 811 1363 ἐπιδράξεται
834 1280 949 1363 ιόμων;

136 1367 195 1425 πού
219 1363 316 1448 βάθος
336 1365 369 1432 ἐς
388 1365 509 1450 ταύρων
533 1367 625 1451 βάψει
648 1365 775 1433 ὀδόντας
796 1364 909 1442 όλουςι,

95 1446 175 1510 τίπτε
199 1448 296 1532 μάτην
322 1447 459 1517 σκύλλεις
481 1451 605 1533 δρυμῶν
626 1449 770 1533 πρύτανιν
795 1450 847 1512 καλ
869 1447 1005 1525 άνακτα;

134 1530 216 1615 θῆρα
240 1531 297 1616 γὰρ
323 1532 379 1595 υύκ
404 1533 498 1597 ἄλλον
523 1533 676 1620 βόσκεται,
698 1535 717 1618 ἢ
740 1535 868 1616 λογάδα.

97 1701 200 1774 1,104.
223 1702 288 1784 Τὴν
313 1701 441 1784 ζεύγλην
464 1702 510 1765 ότι
530 1704 568 1851 δφ
596 1702 685 1787 φέρει
703 1701 851 1785 τραχήλῳ

177 1791 286 1871 στικτῷ
307 1786 469 1869 πάρδαλις,
491 1788 546 1871 άγρ
568 1809 611 1854 τις
635 1808 670 1847 τε
686 1787 779 1866 τίγρις

171 1870 265 1954 θυμιβ
284 1872 413 1954 τλήμονι
435 1872 588 1954 μαστίγων
612 1868 729 1945 ἀκούει,

174 1954 212 2016 τὰ
231 1955 353 2038 χρύσει’
376 1953 495 2039 ἔλαφος
515 1955 628 2041 χαλινολ
651 1955 766 2030 δάκνει,

176 2041 269 2123 φιμδς
291 2041 342 2102 τδν
368 2040 460 2125 Λίβυν
482 2038 590 2125 ἄρκτον
616 2039 754 2116 οἰακίίει,

174 2123 240 2185 οἷον
263 2123 317 2206 τὴν
338 2122 513 2188 Καλυδῶνα
536 2123 614 2209 φᾶσ’
635 2124 767 2205 ἐνεγκεῖν

173 2208 291 2290 κάπρος
310 2209 451 2271 πείθεται
470 2208 652 2292 εὐστρόφοις
672 2207 845 2287 λεπάδνοις,

176 2292 322 2376 είδεχθής
342 2316 375 2355 τε
398 2294 490 2378 βύσιον
515 2292 610 2378 ὄχους
631 2294 738 2374 ἀγινεῖ,

175 2375 321 2460 εύπειθής
342 2378 373 2440 τ’
399 2377 515 2460 ἐλέφας
535 2378 628 2461 ὑγρὰς
645 2375 772 2522 χορείας

175 2465 301 2523 κινεῖται
322 2461 400 2525 κατὰ
419 2463 483 2545 τὴν
495 2462 634 2525 κέλευσιν
652 2461 658 2486 ’
676 2461 766 2523 νδού·

175 2545 219 2613 τίς
241 2548 328 2608 ταῦτ’
354 2545 390 2609 ού
413 2547 518 2609 δοκέοι
539 2545 645 2628 θέαμα
669 2544 771 2617 θεῖον;

173 2628 289 2693 τῶνδ’
314 2634 358 2699 ὡς
377 2630 543 2697 ούτιδανῖυν
566 2628 778 2714 κατεφρόνησε
821 2688 824 2697 ,

172 2713 276 2782 τιτθδς
300 2715 382 2784 ὅστις
403 2713 467 2778 ίδεν
489 2714 613 2783 λέοντος
628 2712 734 2796 ἄγρας,

174 2798 208 2860 δν
230 2800 419 2862 πτύσσουσα
442 2800 523 2884 φυγὴ
544 2803 645 2881 λαγῶν
668 2799 789 2881 ἐγείρει,

175 2884 217 2945 ὧν
234 2882 295 2992 θὴρ
319 2885 453 2968 δράττετ’
479 2884 578 2968 ἀφείς,
603 2886 689 2969 φιλεῖ
707 2883 744 2946 θ’
767 2879 905 2949 ἁλόντας.

173 2971 236 3036 τοῖς
258 2968 274 3029 δ
312 2967 376 3031 ἐστὶ
399 2967 513 3037 σκέπας
536 2969 675 3053 ἀσφαλὲς
694 2967 729 3030 τδ
753 2965 871 3049 χάσμα,

176 3051 222 3119 οἷς
242 3054 352 3136 λευρὸν
374 3052 482 3135 γένυος
504 3054 594 3122 κύτος
617 3053 739 3133 διοίγων

172 3136 284 3219 χαίρει,
304 3136 508 3221 φειδομένους
528 3139 636 3223 χαλῶν
659 3133 796 3211 ὀδόντας,

172 3218 270 3303 θήρην
294 3220 460 3303 αἰδόμενος
504 3223 589 3307 ιιιρὴν
613 3220 791 3301 σπαράττειν

170 3310 230 3366 τῶν
253 3304 375 3389 ταύρων
399 3246 548 3390 στορέσας
567 3306 605 3369 τὰ
626 3303 747 3387 σώματ’
772 3303 847 3387 άρτι.

172 3385 262 3492 ρέχνη
288 3389 342 3471 μέν
361 3390 433 3453 τόδε
454 3394 551 3473 πρᾶον
575 3390 611 3454 ού
636 3388 763 3491 πορίζει.

155 3473 244 3534 αλλ’
268 3472 304 3536 ού
325 3475 439 3542 δοῦλος
461 3472 533 3559 ἔφυ,
558 3474 638 3538 λέιυν
664 3495 785 3557 συνηκε.
