2532 4216
629 335 781 432 go-

444 504 503 563 ¹14.
547 506 726 566 Ira-cundem
745 506 946 587 Epitaphium
1026 550 1028 557 Α

253 586 316 649 (lar
335 589 392 646 hoc
408 588 535 647 Henrici
557 601 628 650 sunt
649 591 768 650 condita
787 590 906 650 viscera
927 592 1037 661 hustet
1117 616 1121 625 ⁴

294 676 353 734 Ast
372 674 425 731 alii
447 674 541 734 cessit
565 694 676 753 corpus
697 676 788 734 inane
811 675 899 735 solo?

251 758 322 819 Una
339 758 446 818 domus
465 767 558 818 totam
580 779 669 836 quam
693 780 754 819 non
776 761 858 837 capit
879 762 953 819 orbe
974 759 1108 834 ruinam,

292 843 362 904 Uno
384 864 446 904 non
467 846 565 922 potuit
586 845 681 904 limito
700 854 767 904 tota
789 846 867 922 capi.

185 1024 187 1027 ’
223 1020 226 1026 “
252 1012 281 1070 5.
326 1013 499 1089 Ερίσεάἱιιπι
519 1014 643 1074 Lodoici
666 1013 800 1074 Contucci
815 1015 936 1090 Equitio
957 1016 1044 1093 Zorq.
1069 1016 1167 1094 Rapui.

252 1095 373 1157 Tristes
391 1099 548 1174 exequias,
571 1101 699 1160 miseras
721 1099 872 1177 surgentis
895 1098 1015 1176 Ephsbi

252 1179 332 1258 Spes
354 1183 538 1261 interceptas
561 1185 592 1243 in
614 1186 712 1262 primo
733 1185 808 1244 flore
827 1184 977 1255 iuventae,

250 1265 413 1325 Defioranr.
436 1269 570 1327 nondum
592 1270 665 1329 coiit
687 1269 850 1328 manifesta
868 1269 1002 1327 cicatrix.

137 1392 140 1399 ψ
250 1350 405 1411 Funestos
422 1352 530 1410 iterum
548 1373 704 1427 numeros,
727 1364 758 1412 et
776 1353 864 1412 triste
884 1354 997 1413 doloris

249 1434 412 1493 Poscimnr
434 1437 576 1496 officium.
603 1439 760 1497 Lacrimas
783 1438 987 1519 impendimus
1008 1440 1100 1499 orbo:

250 1519 390 1578 Extincto
412 1522 518 1581 demus
539 1522 690 1583 lacrimas.
708 1523 883 1583 Durissima
902 1524 969 1582 iura

249 1604 405 1679 Fatorum,
427 1607 498 1665 ludo
516 1608 650 1667 nondum
673 1610 784 1668 satiata
805 1617 938 1681 cruento,

249 1689 357 1764 Estne,
378 1693 459 1766 quod
477 1692 509 1750 in
532 1693 630 1753 claras
650 1694 834 1771 praelustria
855 1694 987 1751 culmina
1009 1694 1100 1755 sedes

249 1773 324 1834 Non
342 1775 433 1835 liccat
454 1778 553 1851 vobis,
576 1781 680 1837 sinac
702 1780 809 1838 domus
831 1796 893 1835 una
913 1786 962 1838 sat
983 1798 1047 1839 unc

249 1860 397 1937 Fungitur
413 1862 527 1920 exitio?
548 1864 652 1922 Testis
672 1873 821 1939 natusque
842 1871 1002 1940 paterque:

249 1945 346 2003 Marte
364 1946 450 2022 prior
471 1954 571 2021 natus,
594 1949 694 2006 morbi
713 1956 799 2025 pater
823 1949 948 2008 obrutus
967 1957 1065 2022 aestu,

251 2029 367 2089 Ordine
389 2032 509 2090 turbato
528 2032 592 2090 nati
613 2051 717 2092 comcs
738 2032 857 2091 additus
877 2033 1002 2092 umbris.

249 2112 302 2174 Sic
321 2122 415 2174 tortus
435 2115 544 2192 rapido
568 2125 725 2177 ventorum
747 2118 867 2189 turbine
883 2127 995 2177 'vortex

248 2199 401 2259 Arboreos
422 2200 552 2276 primum
573 2207 685 2275 ramos,
714 2210 744 2261 ct
766 2203 870 2261 matris
893 2221 1009 2281 opacae

191 2322 194 2331 ι
249 2281 376 2343 Summa
395 2285 473 2362 petit
496 2286 661 2364 stringens,
682 2285 753 2349 mou
775 2288 875 2364 ipsam
897 2308 916 2345 a
931 2288 1078 2365 stirpibus
1090 2288 1161 2348 imis

247 2367 375 2451 Erant,
398 2378 551 2447 totamque
571 2372 702 2431 advolvit
722 2373 873 2432 montibus
894 2392 1007 2431 ornum.

250 2453 337 2529 Quae
357 2455 443 2532 prius
463 2456 731 2534 insano‘rnmpam
753 2457 891 2517 convicia
909 2458 1053 2537 planctu?
1102 2502 1105 2508 ,

173 2545 175 2548 ⁴
249 2537 330 2613 Quid
350 2541 478 2614 querar?
498 2542 578 2600 unde
600 2562 670 2601 meo
694 2555 838 2618 quaestus
859 2561 895 2599 ac
914 2543 1007 2600 verba
1029 2543 1125 2601 dolori

250 2620 430 2683 Sufficiam?
448 2634 550 2702 stupet
569 2646 638 2686 ecce
661 2647 738 2686 novo
757 2645 843 2685 mens
866 2629 967 2686 obsita
984 2627 1079 2701 luctu,

236 2705 325 2780 ¹Nec,
344 2709 414 2784 quid
437 2721 565 2791 promat,
587 2714 689 2785 habet,
710 2713 780 2770 dum
794 2721 890 2770 semet
904 2713 935 2770 in
947 2712 1050 2770 omnia
1060 2712 1159 2772 vertit

248 2789 373 2853 Scilicet
386 2794 534 2856 effabor?
554 2799 647 2857 tantis
669 2799 727 2857 sim
747 2796 878 2855 luctibus
899 2798 1007 2875 impar.
1208 2812 1210 2817 ’

246 2876 383 2936 Vulnera
399 2880 607 2942 dissimulem?
628 2883 751 2953 misero,
770 2881 970 2957 quodcunque
988 2888 1106 2941 tacetur

235 2962 355 3022 ⁴Acrius
378 2965 500 3025 insidit:
519 2968 660 3042 luctuque
685 2982 832 3042 expressa
853 2967 977 3042 querela

245 3046 383 3108 Infantes
405 3052 519 3127 promit
536 3053 677 3130 gemitus,
700 3069 735 3108 ac
757 3070 910 3126 murmura
930 3061 1044 3125 trunca.

245 3131 349 3210 Ipsae,
372 3154 448 3210 quac
468 3145 590 3196 nostros
612 3135 721 3195 solitae
743 3135 875 3194 mulcere
888 3136 1030 3209 labores,

244 3218 293 3276 Ad
316 3238 392 3294 quas
414 3222 584 3298 perfugium
605 3219 688 3279 duris
710 3220 741 3278 in
759 3221 850 3280 rebus
871 3223 1031 3293 habam,

243 3302 437 3363 Praeduxere
460 3305 551 3363 situm
573 3304 762 3380 squalentem
773 3324 821 3379 ,ac
840 3306 946 3364 nubila
965 3307 1071 3378 menti,

244 3386 312 3447 Nec
331 3408 400 3446 mea
420 3399 601 3465 responsant
621 3389 729 3449 faciles
752 3390 791 3449 ad
809 3398 883 3447 vota
904 3389 1068 3453 Camenae.

245 3470 383 3550 Septima
402 3474 463 3530 iam
486 3474 584 3531 reficit
603 3474 742 3533 Lunares
764 3475 861 3532 orbita
882 3476 1030 3551 cursus[,]

244 3555 320 3617 cum
342 3558 425 3615 dirae
448 3558 550 3619 mortis
571 3558 706 3636 trepidas
728 3559 802 3617 mihi
824 3559 951 3618 nuncius
972 3577 1061 3618 aures
