2502 4218
643 353 793 448 mg

261 525 303 586 Εἰ
326 544 404 599 quoa
420 525 552 583 habebat
568 525 709 602 languor,
728 546 790 585 uno
812 523 959 600 temporis

261 610 415 669 Damnum
437 618 467 667 et
490 611 619 668 salutem
642 618 868 685 consequuntur
890 608 1012 685 impetu.

261 695 408 777 Princeps
431 695 534 753 tributi
557 696 678 754 nomine
700 696 851 771 [cJunctas
876 693 985 752 civium

263 780 397 853 Delibat,
416 780 497 839 idem
517 788 655 857 praestat
675 789 706 839 et
726 789 807 839 tutas
831 797 918 855 opes.

263 949 314 1008 52.
359 946 407 1009 Sit
425 950 487 1008 dux
507 951 623 1027 peritus
643 950 764 1008 ordines
786 949 965 1025 disponere:

261 1033 381 1094 Diurna
396 1043 497 1095 castra
518 1036 629 1095 muniis
652 1035 852 1112 distinguere:

262 1117 418 1178 Nocturna
440 1121 519 1178 vallo
544 1122 666 1198 cingere
687 1128 717 1178 et
739 1118 891 1178 custodia:
939 1162 941 1171 r

263 1203 321 1264 Cui
339 1205 418 1264 Fors
440 1204 480 1264 sit
501 1224 626 1282 anceps,
649 1214 731 1273 certa
751 1204 858 1275 virtus,
879 1201 931 1278 qui
950 1201 1033 1276 capit

263 1290 459 1361 Occasiones,
483 1291 593 1365 quique
618 1290 719 1348 differt
738 1290 880 1366 impetus.
924 1330 927 1365 5

261 1374 363 1432 Pedes
386 1373 433 1432 sui
456 1375 497 1434 sit
517 1375 614 1437 factus
637 1375 676 1432 ad
697 1376 800 1433 iussus
823 1373 919 1444 ducis,

260 1458 417 1534 Frequens
438 1456 523 1519 adire
542 1459 641 1537 signa,
662 1478 733 1521 raro
758 1476 929 1529 excurrere,

262 1543 346 1603 Raro
366 1543 498 1620 experiri
521 1545 647 1604 fortuita
668 1544 797 1621 praelia,

262 1627 325 1688 Sed
347 1648 381 1688 se
405 1631 461 1689 sub
484 1630 561 1707 ipsis
579 1630 733 1689 continere
754 1629 888 1690 sedibus.

261 1713 364 1789 Eques
384 1734 492 1790 parare
512 1716 553 1775 sit
573 1715 655 1774 ceter
673 1715 843 1785 victoriam,
917 1714 919 1719 '

262 1796 320 1856 Vel
343 1799 447 1859 tardus
468 1800 512 1858 ita
532 1801 574 1861 sit
595 1801 713 1873 cedere,
736 1809 770 1858 ut
789 1798 962 1858 constantia
1056 1838 1060 1847 «

263 1881 420 1943 Cunctatio
442 1887 492 1957 eit,
517 1894 547 1943 et
569 1894 668 1945 metus
691 1886 844 1945 velocitas.

261 1967 423 2028 Praestent
444 1964 561 2046 utrique
582 1978 702 2028 mutuos
723 1971 805 2029 vices
828 1968 909 2039 sibi,

261 2052 333 2112 Dux
356 2054 526 2131 copiarum3
547 2056 655 2132 copiae
675 2056 766 2114 decus
789 2054 884 2113 ducis.

263 2137 325 2200 Sed
347 2139 527 2216 disciplinae
550 2140 689 2199 militaris
713 2140 885 2217 gloriaest,

263 2223 394 2298 Quando
419 2224 486 2282 duci
506 2225 576 2301 plus
597 2226 711 2297 fiditur,
730 2244 819 2299 quam
843 2222 949 2297 copiis.

262 2392 313 2451 53.
357 2392 416 2467 Qui
438 2412 560 2453 cernere
581 2414 677 2470 aequo
695 2397 793 2454 Marte
813 2395 1043 2461 detrectaverat,

262 2476 441 2555 Ignaviane,
463 2482 642 2540 consciusne
664 2480 783 2552 virium,

261 2572 402 2639 Angusta
420 2583 563 2641 rumpens
586 2565 684 2625 factus
706 2574 754 2625 est
775 2564 944 2622 audentior.

263 2645 320 2706 Cui
341 2668 395 2724 per
416 2650 584 2728 phalanges
606 2650 760 2727 expedivit
778 2651 892 2709 exitum

260 2732 344 2790 Irata
366 2734 472 2807 virtus,
496 2735 544 2792 hic
565 2736 739 2793 tremendus
762 2735 893 2792 maxime
913 2740 971 2803 est,

262 2814 360 2890 Quum
376 2818 449 2877 fecit
468 2821 587 2879 animos
610 2829 695 2880 arcta
711 2819 889 2895 desperatio.
951 2862 956 2869 κ

261 2903 311 2961 Ad
331 2903 517 2963 moliendum
540 2906 673 2964 maxima
693 2906 845 2964 efficacior

261 2985 473 3049 Necessitatis
487 3010 607 3061 norma,
631 3010 720 3066 quam
744 2991 865 3049 virtutis
886 2996 963 3047 cst

262 3158 314 3216 5⁴.
356 3158 465 3219 Plures
488 3161 519 3218 in
542 3161 616 3218 urbe
635 3160 662 3218 si
685 3159 758 3218 boni
782 3160 853 3231 sint,
875 3177 966 3235 quam
987 3156 1072 3229 mali,

260 3241 441 3317 Hominum,
463 3245 641 3323 quibuscum
661 3245 814 3321 transigas
835 3263 944 3302 aevum
965 3250 1062 3314 tuum,

260 3327 434 3388 Fastidiose
455 3329 546 3389 debet
566 3348 636 3391 esse
658 3329 776 3388 eiectio.
1028 3327 1165 3403 [cleriei]

262 3409 351 3484 Quod
370 3413 397 3471 si
416 3414 490 3473 boni
517 3414 579 3472 sint
596 3415 740 3486 rariores,
762 3432 852 3490 quam
876 3413 959 3485 mali,
992 3450 995 3455 -
1155 3436 1160 3443 ·

260 3496 387 3556 Frustra
408 3498 567 3576 eliguntur.
589 3498 650 3556 Pro
673 3499 789 3576 optimo
812 3506 859 3559 est
879 3497 979 3559 minus
1001 3497 1109 3557 melus.
