2586 4214
636 388 789 481 El—

263 554 378 628 lluerit,
399 555 460 615 uisi
481 563 522 615 tu.
546 575 645 615 nonne
666 557 782 616 conieci
801 557 901 616 bene?

263 642 344 700 Men.
385 641 540 703 Abscedo.
558 660 629 700 nam
645 660 723 717 quae
742 642 905 720 turpitudo,
927 644 1008 702 velle
1028 664 1097 703 eum
1117 644 1118 649 ’

189 732 256 787 1160
266 724 415 787 Sermone
436 726 596 804 castigare,
618 727 670 802 qui
692 728 757 804 cogi
778 727 900 804 potest?

264 813 340 872 Teu.
360 812 1171 890 Abscedenamquamturpeetinhonestumestmihi,

264 897 428 959 Attendere
452 896 569 957 bomini
591 896 737 955 effutienti
757 897 881 956 inania?

266 983 322 1045 ch.
366 984 464 1042 Atrox
483 981 547 1040 litis
567 989 719 1040 certamen
742 983 808 1041 erit.

266 1068 419 1144 Quantum
439 1067 522 1143 potis
543 1085 589 1140 es,
610 1086 743 1144 propera
764 1067 893 1141 Teucer,

189 1159 257 1213 1165
266 1155 459 1229 Fossamque
478 1171 583 1210 cavam
604 1151 681 1211 citus
702 1152 773 1210 huic
793 1171 874 1211 cura.

266 1238 328 1300 Ubi
348 1244 497 1316 perpetua
518 1236 667 1294 celebrem
688 1238 803 1296 cunctis

267 1323 432 1383 Tumulnm
453 1340 518 1380 cum
541 1321 632 1379 laude
654 1323 778 1380 tenebit.

266 1409 343 1468 Teu.
381 1408 424 1466 At
446 1424 515 1464 ecce
535 1406 811 1486 praestoltempori
834 1407 946 1465 adsunt
964 1427 1114 1485 proxume

265 1495 307 1553 Et
324 1499 434 1570 gnatus
453 1490 542 1549 huius
561 1497 651 1564 atque
671 1493 824 1567 particeps
845 1493 916 1566 tori,

190 1584 259 1638 1170
267 1579 311 1639 Ut
332 1584 523 1653 exequantur
541 1576 598 1634 rite
618 1575 709 1636 funus
728 1577 847 1635 mortui.

268 1665 296 1725 0
318 1682 405 1741 puer,
427 1660 580 1721 adesdum.
603 1680 660 1739 age
683 1663 804 1721 accidas
826 1662 958 1739 supplex
979 1662 1073 1739 patri,

268 1748 329 1826 Qui
351 1755 381 1807 te
403 1747 435 1805 in
458 1765 606 1823 supernas
628 1746 705 1805 lucis
725 1767 795 1806 oras
818 1747 928 1805 edidit:

266 1834 318 1893 Illi
340 1832 443 1893 asside
463 1831 653 1908 suppliciter,
676 1840 707 1890 et
727 1832 866 1892 manibus
889 1839 958 1890 tene

266 1921 366 1991 Meas,
390 1926 420 1977 et
438 1916 538 1989 buius,
561 1924 592 1973 et
609 1922 678 1976 tuas
697 1916 802 1975 itidem
822 1937 937 1990 comas,

192 2011 258 2064 1175
268 2001 428 2080 Supplicia
448 2001 628 2058 velamenta.
655 2002 785 2077 quodsi
808 2003 935 2061 exerciti

268 2087 395 2162 Quidem
420 2085 591 2163 aggreditur
617 2093 735 2146 mortuo
755 2095 785 2144 te
806 2088 949 2160 avellere,

268 2172 406 2231 Tollatur
427 2169 598 2246 insepultus
621 2172 756 2231 emedio
778 2173 873 2231 male:

267 2259 308 2317 Et
333 2264 454 2314 eruatur
472 2274 583 2333 genere
604 2262 669 2314 tuto
693 2258 842 2334 stirpitus,

270 2341 407 2417 Qualiter
428 2359 484 2418 ego
506 2339 598 2399 istum
620 2342 758 2416 praesico
783 2342 895 2400 crinem
918 2358 1018 2399 manu.

192 2428 361 2500 1180Puer,
384 2435 454 2484 tene
472 2426 573 2484 illurn:
595 2443 694 2498 serva,
716 2428 804 2485 habe.
826 2446 883 2485 nec
904 2435 934 2485 te
955 2435 1038 2486 statu

267 2513 438 2573 Demoveat
459 2510 588 2588 aliquis:
612 2519 659 2569 ast
678 2512 803 2569 inhaere
824 2513 894 2571 huic
915 2512 1067 2571 accidens.

267 2597 346 2672 Nec,
365 2618 382 2655 0
404 2597 536 2668 sodales,
555 2616 612 2672 pro
635 2596 707 2656 viris
727 2596 914 2655 muliebriter

267 2683 331 2742 Vos
354 2681 463 2759 gerite:
486 2681 541 2740 sed
560 2681 672 2753 iuvate,
692 2681 789 2740 donec
811 2701 922 2741 venero

269 2767 431 2826 Tumulum
452 2767 522 2823 huic
541 2784 716 2841 procurans,
738 2768 839 2826 nullus
861 2767 893 2830 id
913 2768 995 2827 sinat
1014 2767 1097 2825 licet.

605 2849 736 2927 Strcpbc
761 2853 833 2911 VII.

270 2935 325 2996 ch.
366 2935 601 3013 Reciprocifuga
621 2936 808 3013 temporibus
832 2945 916 2997 aetas

268 3022 493 3096 Numerosique
515 3016 653 3079 volumen
675 3021 754 3094 aevi,

270 3107 399 3184 Quando
420 3107 541 3164 desinet
559 3105 662 3164 miseri

270 3192 332 3251 Tot
351 3211 510 3250 aerumnas
531 3189 604 3248 belli

269 3277 367 3336 Nobis
388 3276 546 3353 duplicans

270 3362 415 3422 Residem
438 3360 477 3419 ad
497 3360 632 3432 Troiam,
655 3358 781 3417 Troiam
799 3359 932 3434 inquam,

268 3448 414 3506 Probrum
438 3445 642 3520 maculamque
662 3442 869 3504 Graecorum?
959 3488 961 3492 .

573 3530 764 3605 Artliatropba
790 3529 863 3588 VII.

271 3616 394 3677 Utinam
416 3615 456 3688 is,
479 3615 593 3674 utinam
610 3614 642 3689 in
662 3614 792 3674 aetheris
813 3632 886 3673 oras
