2560 4216
487 354 637 450 -ιοι-

105 516 170 584 ΚΕ.
191 516 254 603 Τὴν
273 518 393 667 ἀλίχου
407 521 549 603 γλῶσσαν
567 526 703 608 χρηστῆς
721 520 817 605 οὔσης
837 522 1017 609 ἀνέχεσθαι.

190 604 318 689 Δυσφορ
338 626 381 668 ειν
413 604 447 668 σὲ
475 607 586 679 κακὸν,
612 608 821 690 γλιυσσαλγεῖν
849 607 877 669 δ’
901 604 941 681 αὖ
967 608 1015 691 μὶν

104 770 160 844 Kc.
188 772 404 857 Ἀμφοτέρους
426 773 584 857 ἀγάπησον
606 773 657 858 ἴση
677 690 959 858 φιλθέέίίέξοκῆας.

189 856 242 941 Μὴ
264 858 445 943 προσκόψῃς
466 857 564 942 μητρὶ,
588 858 793 944 χαριζόμενος
812 858 893 922 πλέα
915 860 1016 945 πατρί.

350 1021 520 1090 ΒΙΒΛΙΟΝ
542 1023 770 1091 ΤΕΤΑΡΤΟΝ.

106 1111 143 1175 Α.
180 1105 287 1177 Ὅστις
309 1109 346 1192 δὴ
368 1109 493 1178 ποθέεις
515 1110 614 1197 βίοτον
645 1113 758 1194 διάγειν
782 1112 963 1194 αἰτοὶρακτον,

192 1192 255 1257 Νῦν
282 1193 314 1257 δ’
327 1193 406 1256 εἶναι
426 1195 555 1258 παθέων
578 1197 689 1279 ἀμιγὴς
702 1199 762 1259 τῶν
775 1195 882 1281 ἤθεσιν
894 1196 1016 1280 ἐχθρῶν

128 1330 132 1337 ,
191 1277 259 1346 Τὰς
275 1278 306 1340 δ’
323 1278 562 1360 ὑποθημοσύνας
582 1285 703 1365 συχνῶς
720 1280 858 1363 μέμνησο
870 1283 1017 1362 πολῆσαι,

192 1360 247 1431 Οἷς
269 1361 314 1426 ἔνι
337 1364 430 1446 δήεις,
455 1371 514 1426 τῶν
538 1364 574 1427 σὺ
600 1366 785 1434 διδάσκαλος
805 1365 881 1449 ἔσση
903 1365 1016 1450 ἑαυτῷ.

105 1444 142 1511 Β.
188 1445 330 1510 Πλούτου
353 1448 583 1532 ὑπερφρονέειν,
607 1451 634 1512 εἰ
655 1452 713 1534 λης
723 1450 794 1513 νόον
812 1449 915 1536 ὄλβιος
929 1448 1017 1527 εἶναι,

190 1529 336 1617 Κίμβικες
359 1531 392 1595 ὃν
414 1532 580 1601 ποθέοντες
604 1534 653 1597 ἀεὶ
675 1537 794 1618 πτωχοὶ
816 1533 988 1597 τελέθουσι

97 1615 140 1688 Γ.
189 1614 335 1701 Ὠφελίαι
356 1614 482 1700 φύσεως
505 1618 578 1700 μάλ’
592 1617 771 1687 ἀντλλιπέες
793 1620 841 1681 σοὶ
863 1616 996 1694 ἔσονται,

184 1697 244 1763 Ἢν
265 1700 392 1786 στέρξητ
413 1701 535 1776 κείνοις,
547 1705 607 1763 τῶν
622 1724 680 1785 περ
694 1704 779 1786 χρεώ
796 1704 859 1765 ἐστι
872 1705 1017 1786 βροτοῖσι.

107 1785 142 1848 Δ.
191 1781 228 1847 Εἰ
243 1785 280 1848 τὰ
298 1785 337 1848 σὰ
350 1786 391 1868 μὴ
408 1784 557 1869 φρόνιμος
570 1789 613 1854 τὶς
633 1786 692 1848 ἐὼν
710 1784 824 1855 διέπεις
838 1786 1018 1868 ἀλογίστοις,

190 1866 243 1953 Μὴ
267 1872 411 1953 κίκλησκε
431 1867 466 1932 τυ’
490 1892 527 1952 ην
550 1870 668 1955 τυφλὴν
696 1870 749 1953 τὴν
774 1871 868 1955 μηδὲν
893 1871 1018 1933 ἐοῦσαν.

105 1949 141 2016 Ε.
190 1954 280 2017 Φιλει
300 1955 366 2038 μὲν,
388 1893 517 2038 μετρίίυς
532 1956 566 2017 δὲ
582 1956 664 2041 φιλει
675 1955 709 2019 τὸ
723 1957 910 2039 νομίσματος
923 1955 1016 2032 εἶδος,

191 2034 318 2107 Οὖτινας
341 2038 376 2101 οὐ
403 2040 572 2108 σπουδαῖος
591 2041 667 2125 ἀνὴρ
684 2039 734 2102 διὰ
748 2041 865 2126 χαλκὸν
882 2039 997 2187 ἐρᾶται.

107 2145 133 2192 ς.
189 2124 333 2207 Ἀφνειὸς
352 2126 486 2205 γεγονὼς
508 2125 627 2209 ἀμελὴς
650 2126 692 2209 μὴ
715 2129 859 2210 σώματος
881 2147 968 2188 εναι.

191 2205 301 2291 Κέρμοι
314 2206 504 2293 ἔχεινοσέιυν
517 2210 573 2294 γὰρ
585 2209 830 2287 ὁπλοιίσιος,οὐκ
840 2208 907 2295 ἔχει
916 2209 1017 2273 αὑτόν.

107 2288 141 2356 Ζ.
190 2291 396 2378 Παιδοτρίβου
420 2293 550 2375 μάστιγα
578 2293 764 2378 μαθητεόων
784 2291 853 2358 πότ’
877 2294 1019 2371 ἀνατλὰς,

191 2374 324 2440 Τέτλαθι
345 2375 520 2460 χωομένοιο
544 2376 725 2465 βαρύφρονος
744 2379 860 2461 πατρὸς
882 2378 996 2461 ἐνιπήν.

107 2459 145 2525 Η.
191 2460 353 2544 Πρᾶττετὰ
364 2459 836 2545 ὠφελέοντα.ποὶλινθέγεταῦτα
846 2463 1019 2545 φυλάσσου,

131 2594 135 2601 -
194 2545 278 2611 Οἷσιν
302 2547 407 2609 ὕπεστι
426 2546 538 2629 πλάνη,
569 2546 701 2630 μόχθοιυ
726 2547 761 2608 δὲ
782 2540 876 2632 κύβος
895 2545 1018 2628 ἄδηλος.

109 2630 144 2695 Θ.
190 2629 242 2713 Μὴ
264 2633 365 2693 πώλει
386 2631 528 2706 αἰτοῦντι,
549 2633 583 2694 τὸ
608 2633 715 2693 δοῦναι
733 2634 846 2714 προῖκα
869 2628 986 2693 δύναιο.

194 2713 1019 2800 Τοθςάγαθοθςεῦδρᾷν,μέροςούβραχθκέρδεοςέστί.

108 2800 130 2866 l.
187 2797 244 2862 Ἤν
265 2824 293 2862 τι
316 2799 547 2882 ὑποπτείησθα,
569 2798 742 2884 παραυτίκα
763 2804 852 2862 τοῦτο
876 2797 976 2872 έταζε.

191 2881 256 2947 Καί
273 2884 302 2967 γ’
328 2882 423 2947 εἴωθε
442 2886 476 2947 τὸ
495 2885 536 2968 μὴ
557 2888 688 2969 πρώτως
709 2883 893 2969 βασανισθὲν
915 2886 1018 2948 ἀᾶσαι.

109 2970 161 3036 lA.
193 2965 231 3032 Εἰ
251 2970 383 3053 κάτοχος
405 2968 564 3032 δελέασσιν
590 2970 695 3055 ἐνίσχη
719 2973 772 3052 τῆς
789 2968 986 3053 Ἀφροδίτης,

115 3100 119 3107 -
193 3051 381 3139 Μαργοσόιη
407 3054 447 3136 μὴ
470 3058 542 3116 νικῶ
570 3055 675 3138 ἑταίρη
698 3057 756 3116 τῶν
782 3054 839 3116 ὑπὸ
864 3056 978 3138 γαστρί.

108 3138 160 3204 ΙΒ.
190 3137 229 3207 Εἰ
251 3138 340 3223 φρεσὶ
355 3143 441 3220 σῇσιν
461 3137 558 3222 ἄρηρε
573 3140 610 3203 τὰ
624 3139 718 3223 θηρία
733 3141 829 3201 πάντα
844 3139 1019 3225 φοβεῖσθαι,

192 3222 217 3287 Τ
239 3222 326 3286 έσσαι
342 3223 388 3286 ἕν’
402 3214 565 3306 ἄνθρωπον
579 3224 711 3307 κέλομαι
726 3225 877 3307 περιώσια
887 3224 1019 3287 ποίντιυν.

109 3307 158 3373 ΙΓ.
186 3247 244 3372 ’λίθ
267 3329 315 3369 σοι
340 3308 497 3390 ἐνακμοίζη
523 3310 663 3393 στιβαρὸν
688 3307 797 3376 σθένος
819 3307 850 3370 έν
866 3307 1020 3390 μελέεσσι,

115 3438 120 3446 ·
195 3390 258 3456 Τοῦ
272 3391 412 3477 φρονέειν
428 3390 594 3475 μελέδαιν’.
607 3394 706 3460 οὕτως
719 3393 859 3477 ἀνδρεῖος
869 3392 1020 3462 αἰκοιίσεις.

110 3476 159 3542 ΙΔ.
184 3474 243 3541 Ἢν
258 3477 432 3560 κάμνησθα,
442 3475 573 3557 μέτελθε
587 3480 715 3560 νοσήλια
725 3479 773 3541 σοὶ
787 3476 864 3560 παρ’
878 3478 1020 3562 ἑταίρων.

195 3559 241 3626 Οὐ
264 3567 383 3626 πιστοῖο
405 3562 497 3646 φίλου
520 3562 564 3631 τίς
581 3563 713 3644 ἀμείνων
738 3562 816 3626 ἐστὶν
840 3562 950 3647 ἰητρός.
