<?xml version="1.0" encoding="UTF-8"?>
<!DOCTYPE html PUBLIC "-//W3C//DTD XHTML 1.0 Transitional//EN"
    "http://www.w3.org/TR/xhtml1/DTD/xhtml1-transitional.dtd">
<html xmlns="http://www.w3.org/1999/xhtml" xml:lang="en" lang="en">
 <head>
  <title>
</title>
<meta http-equiv="Content-Type" content="text/html;charset=utf-8" />
  <meta name='ocr-system' content='tesseract 3.04.00' />
  <meta name='ocr-capabilities' content='ocr_page ocr_carea ocr_par ocr_line ocrx_word'/>
</head>
<body>
  <div class='ocr_page' id='page_1' title='image "./iosephiscaliger01scalgoog_0268.png"; bbox 0 0 2560 4216; ppageno 0'>
   <div class='ocr_carea' id='block_1_1' title="bbox 511 369 662 464">
    <p class='ocr_par' dir='ltr' id='par_1_1' title="bbox 511 369 662 464">
     <span class='ocr_line' id='line_1_1' title="bbox 511 369 662 464; baseline 0 -35"><span class='ocrx_word' id='word_1_1' title='bbox 511 369 662 464; x_wconf 50' lang='lat' dir='ltr'>Q</span> 
     </span>
    </p>
   </div>
   <div class='ocr_carea' id='block_1_2' title="bbox 132 532 1047 955">
    <p class='ocr_par' dir='ltr' id='par_1_2' title="bbox 132 532 1047 955">
     <span class='ocr_line' id='line_1_2' title="bbox 411 532 1047 622; baseline 0.009 -25"><span class='ocrx_word' id='word_1_2' title='bbox 411 532 514 614; x_wconf 79' lang='grc' dir='ltr'><strong>Αἰετὲ,</strong></span> <span class='ocrx_word' id='word_1_3' title='bbox 533 534 616 598; x_wconf 80' lang='grc' dir='ltr'>τίπτε</span> <span class='ocrx_word' id='word_1_4' title='bbox 634 532 777 622; x_wconf 78' lang='grc' dir='ltr'><strong>βέβηκας.</strong></span> <span class='ocrx_word' id='word_1_5' title='bbox 978 532 1047 622; x_wconf 54' lang='lat' dir='ltr'>psi</span> 
     </span>
     <span class='ocr_line' id='line_1_3' title="bbox 133 619 907 701; baseline 0.003 -20"><span class='ocrx_word' id='word_1_6' title='bbox 133 619 226 681; x_wconf 78' lang='lat' dir='ltr'>(luins</span> <span class='ocrx_word' id='word_1_7' title='bbox 249 640 306 699; x_wconf 75' lang='lat' dir='ltr'>ege</span> <span class='ocrx_word' id='word_1_8' title='bbox 325 622 435 681; x_wconf 85' lang='lat' dir='ltr'>insidis</span> <span class='ocrx_word' id='word_1_9' title='bbox 458 624 574 682; x_wconf 88' lang='lat' dir='ltr'>tumulo</span> <span class='ocrx_word' id='word_1_10' title='bbox 598 624 706 701; x_wconf 80' lang='lat' dir='ltr'>regius</span> <span class='ocrx_word' id='word_1_11' title='bbox 725 624 907 684; x_wconf 75' lang='lat' dir='ltr'>volantum?</span> 
     </span>
     <span class='ocr_line' id='line_1_4' title="bbox 174 704 999 785; baseline 0.005 -19"><span class='ocrx_word' id='word_1_12' title='bbox 174 704 273 766; x_wconf 81' lang='lat' dir='ltr'>Corve</span> <span class='ocrx_word' id='word_1_13' title='bbox 294 706 396 765; x_wconf 73' lang='lat' dir='ltr'>Deum</span> <span class='ocrx_word' id='word_1_14' title='bbox 418 716 573 767; x_wconf 83' lang='lat' dir='ltr'>aeternam</span> <span class='ocrx_word' id='word_1_15' title='bbox 595 709 728 785; x_wconf 85' lang='lat' dir='ltr'>suspicis</span> <span class='ocrx_word' id='word_1_16' title='bbox 751 717 835 768; x_wconf 81' lang='lat' dir='ltr'>estre</span> <span class='ocrx_word' id='word_1_17' title='bbox 854 710 999 770; x_wconf 78' lang='lat' dir='ltr'>domum?</span> 
     </span>
     <span class='ocr_line' id='line_1_5' title="bbox 132 790 1024 872; baseline 0.006 -21"><span class='ocrx_word' id='word_1_18' title='bbox 132 790 250 852; x_wconf 84' lang='lat' dir='ltr'>Umbro</span> <span class='ocrx_word' id='word_1_19' title='bbox 270 791 411 851; x_wconf 79' lang='lat' dir='ltr'><strong>Platonis</strong></span> <span class='ocrx_word' id='word_1_20' title='bbox 438 812 508 872; x_wconf 82' lang='lat' dir='ltr'>ego:</span> <span class='ocrx_word' id='word_1_21' title='bbox 532 795 610 853; x_wconf 80' lang='lat' dir='ltr'>eseli</span> <span class='ocrx_word' id='word_1_22' title='bbox 629 794 679 850; x_wconf 83' lang='lat' dir='ltr'>hin</span> <span class='ocrx_word' id='word_1_23' title='bbox 701 793 739 851; x_wconf 77' lang='lat' dir='ltr'>ud</span> <span class='ocrx_word' id='word_1_24' title='bbox 759 795 873 870; x_wconf 80' lang='lat' dir='ltr'>temple</span> <span class='ocrx_word' id='word_1_25' title='bbox 892 796 1024 857; x_wconf 74' lang='lat' dir='ltr'>volavit:</span> 
     </span>
     <span class='ocr_line' id='line_1_6' title="bbox 175 877 838 955; baseline 0.003 -20"><span class='ocrx_word' id='word_1_26' title='bbox 175 877 345 935; x_wconf 84' lang='lat' dir='ltr'>Terrenum</span> <span class='ocrx_word' id='word_1_27' title='bbox 364 877 455 937; x_wconf 82' lang='lat' dir='ltr'>tellus</span> <span class='ocrx_word' id='word_1_28' title='bbox 476 879 580 939; x_wconf 81' lang='lat' dir='ltr'>Attica</span> <span class='ocrx_word' id='word_1_29' title='bbox 602 895 713 955; x_wconf 86' lang='lat' dir='ltr'>corpus</span> <span class='ocrx_word' id='word_1_30' title='bbox 737 878 838 937; x_wconf 81' lang='lat' dir='ltr'>habet.</span> 
     </span>
    </p>
   </div>
   <div class='ocr_carea' id='block_1_3' title="bbox 133 1040 1046 1464">
    <p class='ocr_par' dir='ltr' id='par_1_3' title="bbox 133 1040 1046 1464">
     <span class='ocr_line' id='line_1_7' title="bbox 376 1040 1046 1129; baseline 0.01 -26"><span class='ocrx_word' id='word_1_31' title='bbox 376 1040 438 1104; x_wconf 81' lang='lat' dir='ltr'>Kal</span> <span class='ocrx_word' id='word_1_32' title='bbox 458 1048 535 1118; x_wconf 77' lang='grc' dir='ltr'>πῶς,</span> <span class='ocrx_word' id='word_1_33' title='bbox 558 1045 585 1106; x_wconf 79' lang='lat' dir='ltr'>sl</span> <span class='ocrx_word' id='word_1_34' title='bbox 609 1045 651 1127; x_wconf 79' lang='grc' dir='ltr'>μὴ</span> <span class='ocrx_word' id='word_1_35' title='bbox 677 1043 819 1129; x_wconf 62' lang='lat' dir='ltr'>limpor.-</span> <span class='ocrx_word' id='word_1_36' title='bbox 978 1052 1046 1128; x_wconf 57' lang='lat'>732</span> 
     </span>
     <span class='ocr_line' id='line_1_8' title="bbox 133 1128 998 1210; baseline 0.006 -22"><span class='ocrx_word' id='word_1_37' title='bbox 133 1128 175 1188; x_wconf 87' lang='lat' dir='ltr'>Ni</span> <span class='ocrx_word' id='word_1_38' title='bbox 194 1129 285 1189; x_wconf 82' lang='lat' dir='ltr'>Pluto</span> <span class='ocrx_word' id='word_1_39' title='bbox 309 1130 346 1187; x_wconf 85' lang='lat' dir='ltr'>de</span> <span class='ocrx_word' id='word_1_40' title='bbox 365 1130 489 1190; x_wconf 85' lang='lat' dir='ltr'>Phoebo</span> <span class='ocrx_word' id='word_1_41' title='bbox 513 1130 640 1192; x_wconf 81' lang='lat' dir='ltr'>Graecis</span> <span class='ocrx_word' id='word_1_42' title='bbox 664 1132 744 1191; x_wconf 81' lang='lat' dir='ltr'>foret</span> <span class='ocrx_word' id='word_1_43' title='bbox 766 1133 876 1206; x_wconf 80' lang='lat' dir='ltr'>editus,</span> <span class='ocrx_word' id='word_1_44' title='bbox 896 1136 998 1210; x_wconf 84' lang='lat' dir='ltr'>ecquis</span> 
     </span>
     <span class='ocr_line' id='line_1_9' title="bbox 175 1212 846 1291; baseline 0.006 -18"><span class='ocrx_word' id='word_1_45' title='bbox 175 1212 234 1288; x_wconf 79' lang='lat' dir='ltr'>Qui</span> <span class='ocrx_word' id='word_1_46' title='bbox 256 1217 379 1275; x_wconf 78' lang='lat' dir='ltr'>morbos</span> <span class='ocrx_word' id='word_1_47' title='bbox 399 1216 508 1277; x_wconf 81' lang='lat' dir='ltr'>animis</span> <span class='ocrx_word' id='word_1_48' title='bbox 530 1226 594 1276; x_wconf 80' lang='lat' dir='ltr'>arte</span> <span class='ocrx_word' id='word_1_49' title='bbox 615 1218 740 1291; x_wconf 78' lang='lat' dir='ltr'>levaret,</span> <span class='ocrx_word' id='word_1_50' title='bbox 762 1218 846 1277; x_wconf 77' lang='lat' dir='ltr'>erat?</span> 
     </span>
     <span class='ocr_line' id='line_1_10' title="bbox 133 1298 989 1380; baseline 0.007 -22"><span class='ocrx_word' id='word_1_51' title='bbox 133 1298 214 1358; x_wconf 82' lang='lat' dir='ltr'>Nom</span> <span class='ocrx_word' id='word_1_52' title='bbox 235 1300 329 1359; x_wconf 81' lang='lat' dir='ltr'>veluti</span> <span class='ocrx_word' id='word_1_53' title='bbox 349 1302 468 1361; x_wconf 80' lang='lat' dir='ltr'>morbos</span> <span class='ocrx_word' id='word_1_54' title='bbox 493 1309 577 1362; x_wconf 79' lang='lat' dir='ltr'>sutus</span> <span class='ocrx_word' id='word_1_55' title='bbox 601 1303 657 1361; x_wconf 82' lang='lat' dir='ltr'>hoc</span> <span class='ocrx_word' id='word_1_56' title='bbox 677 1302 859 1380; x_wconf 81' lang='lat' dir='ltr'>Aeselepius</span> <span class='ocrx_word' id='word_1_57' title='bbox 882 1322 989 1364; x_wconf 86' lang='lat' dir='ltr'>omues</span> 
     </span>
     <span class='ocr_line' id='line_1_11' title="bbox 175 1382 882 1464; baseline 0.006 -20"><span class='ocrx_word' id='word_1_58' title='bbox 175 1382 364 1463; x_wconf 68' lang='lat' dir='ltr'>Oorporws,</span> <span class='ocrx_word' id='word_1_59' title='bbox 386 1387 506 1445; x_wconf 77' lang='lat' dir='ltr'>animae</span> <span class='ocrx_word' id='word_1_60' title='bbox 527 1388 571 1446; x_wconf 86' lang='lat' dir='ltr'>sio</span> <span class='ocrx_word' id='word_1_61' title='bbox 592 1387 675 1446; x_wconf 82' lang='lat' dir='ltr'>levet</span> <span class='ocrx_word' id='word_1_62' title='bbox 696 1387 763 1464; x_wconf 89' lang='lat' dir='ltr'>ipse</span> <span class='ocrx_word' id='word_1_63' title='bbox 785 1388 882 1448; x_wconf 82' lang='lat' dir='ltr'>Pluto.</span> 
     </span>
    </p>
   </div>
   <div class='ocr_carea' id='block_1_4' title="bbox 133 1551 1046 1974">
    <p class='ocr_par' dir='ltr' id='par_1_4' title="bbox 133 1551 1046 1974">
     <span class='ocr_line' id='line_1_12' title="bbox 391 1551 1046 1638; baseline 0.008 -24"><span class='ocrx_word' id='word_1_64' title='bbox 391 1551 509 1636; x_wconf 83' lang='grc' dir='ltr'><strong>Φοῖβος</strong></span> <span class='ocrx_word' id='word_1_65' title='bbox 532 1551 629 1635; x_wconf 80' lang='grc' dir='ltr'>ἔφυσε</span> <span class='ocrx_word' id='word_1_66' title='bbox 654 1553 783 1637; x_wconf 77' lang='grc' dir='ltr'><strong>βροτοῖς.</strong></span> <span class='ocrx_word' id='word_1_67' title='bbox 977 1561 1046 1638; x_wconf 80' lang='grc' dir='ltr'>γ32</span> 
     </span>
     <span class='ocr_line' id='line_1_13' title="bbox 133 1637 1024 1719; baseline 0.006 -20"><span class='ocrx_word' id='word_1_68' title='bbox 133 1637 190 1699; x_wconf 73' lang='lat' dir='ltr'>Est</span> <span class='ocrx_word' id='word_1_69' title='bbox 211 1638 301 1698; x_wconf 78' lang='lat' dir='ltr'>Pluto</span> <span class='ocrx_word' id='word_1_70' title='bbox 324 1640 361 1699; x_wconf 84' lang='lat' dir='ltr'>&#39;de</span> <span class='ocrx_word' id='word_1_71' title='bbox 371 1640 495 1700; x_wconf 92' lang='lat' dir='ltr'>Phoebo</span> <span class='ocrx_word' id='word_1_72' title='bbox 517 1649 614 1713; x_wconf 81' lang='lat' dir='ltr'>satus,</span> <span class='ocrx_word' id='word_1_73' title='bbox 639 1649 686 1700; x_wconf 82' lang='lat' dir='ltr'>est</span> <span class='ocrx_word' id='word_1_74' title='bbox 703 1640 896 1719; x_wconf 81' lang='lat' dir='ltr'>Aesclapius‚</span> <span class='ocrx_word' id='word_1_75' title='bbox 919 1645 1024 1704; x_wconf 82' lang='lat' dir='ltr'>umbo:</span> 
     </span>
     <span class='ocr_line' id='line_1_14' title="bbox 176 1722 918 1802; baseline 0.003 -19"><span class='ocrx_word' id='word_1_76' title='bbox 176 1722 237 1783; x_wconf 83' lang='lat' dir='ltr'>Hie</span> <span class='ocrx_word' id='word_1_77' title='bbox 260 1726 355 1785; x_wconf 82' lang='lat' dir='ltr'>animi</span> <span class='ocrx_word' id='word_1_78' title='bbox 377 1734 410 1784; x_wconf 89' lang='lat' dir='ltr'>ut</span> <span class='ocrx_word' id='word_1_79' title='bbox 430 1725 578 1798; x_wconf 73' lang='lat' dir='ltr'>medicus,</span> <span class='ocrx_word' id='word_1_80' title='bbox 600 1725 735 1802; x_wconf 84' lang='lat' dir='ltr'>eorporis</span> <span class='ocrx_word' id='word_1_81' title='bbox 756 1725 809 1784; x_wconf 86' lang='lat' dir='ltr'>ille</span> <span class='ocrx_word' id='word_1_82' title='bbox 829 1727 918 1786; x_wconf 67' lang='lat' dir='ltr'>fores</span> 
     </span>
     <span class='ocr_line' id='line_1_15' title="bbox 135 1806 999 1888; baseline 0.006 -22"><span class='ocrx_word' id='word_1_83' title='bbox 135 1806 323 1868; x_wconf 79' lang='lat' dir='ltr'>Connubisle</span> <span class='ocrx_word' id='word_1_84' title='bbox 343 1811 466 1887; x_wconf 90' lang='lat' dir='ltr'>epulum</span> <span class='ocrx_word' id='word_1_85' title='bbox 487 1811 645 1869; x_wconf 82' lang='lat' dir='ltr'>celebrans</span> <span class='ocrx_word' id='word_1_86' title='bbox 668 1810 809 1888; x_wconf 78' lang='lat' dir='ltr'>migravit</span> <span class='ocrx_word' id='word_1_87' title='bbox 829 1810 861 1868; x_wconf 93' lang='lat' dir='ltr'>in</span> <span class='ocrx_word' id='word_1_88' title='bbox 883 1813 999 1886; x_wconf 85' lang='lat' dir='ltr'>urbem,</span> 
     </span>
     <span class='ocr_line' id='line_1_16' title="bbox 176 1891 894 1974; baseline 0.001 -22"><span class='ocrx_word' id='word_1_89' title='bbox 176 1891 274 1967; x_wconf 81' lang='lat' dir='ltr'>Quum</span> <span class='ocrx_word' id='word_1_90' title='bbox 295 1896 381 1955; x_wconf 88' lang='lat' dir='ltr'>Iovis</span> <span class='ocrx_word' id='word_1_91' title='bbox 403 1897 436 1953; x_wconf 91' lang='lat' dir='ltr'>iu</span> <span class='ocrx_word' id='word_1_92' title='bbox 456 1896 557 1972; x_wconf 79' lang='lat' dir='ltr'>patris</span> <span class='ocrx_word' id='word_1_93' title='bbox 579 1895 711 1955; x_wconf 87' lang='lat' dir='ltr'>eondidit</span> <span class='ocrx_word' id='word_1_94' title='bbox 732 1895 800 1974; x_wconf 88' lang='lat' dir='ltr'>ipse</span> <span class='ocrx_word' id='word_1_95' title='bbox 825 1896 894 1955; x_wconf 87' lang='lat' dir='ltr'>sibi.</span> 
     </span>
    </p>
   </div>
   <div class='ocr_carea' id='block_1_5' title="bbox 132 2059 1046 2821">
    <p class='ocr_par' dir='ltr' id='par_1_5' title="bbox 132 2059 1046 2821">
     <span class='ocr_line' id='line_1_17' title="bbox 390 2059 1046 2145; baseline 0.005 -22"><span class='ocrx_word' id='word_1_96' title='bbox 390 2059 503 2143; x_wconf 81' lang='grc' dir='ltr'><strong>Θαῦμα</strong></span> <span class='ocrx_word' id='word_1_97' title='bbox 525 2060 634 2145; x_wconf 81' lang='grc' dir='ltr'>τέχνης</span> <span class='ocrx_word' id='word_1_98' title='bbox 657 2060 781 2144; x_wconf 77' lang='grc' dir='ltr'><strong>ταύρου.</strong></span> <span class='ocrx_word' id='word_1_99' title='bbox 999 2062 1046 2127; x_wconf 80' lang='grc' dir='ltr'>δβ</span> 
     </span>
     <span class='ocr_line' id='line_1_18' title="bbox 132 2147 894 2227; baseline 0.003 -20"><span class='ocrx_word' id='word_1_100' title='bbox 132 2147 216 2207; x_wconf 79' lang='lat' dir='ltr'>Artis</span> <span class='ocrx_word' id='word_1_101' title='bbox 238 2167 317 2225; x_wconf 87' lang='lat' dir='ltr'>opus</span> <span class='ocrx_word' id='word_1_102' title='bbox 338 2151 433 2207; x_wconf 83' lang='lat' dir='ltr'>mirae</span> <span class='ocrx_word' id='word_1_103' title='bbox 457 2151 576 2227; x_wconf 83' lang='lat' dir='ltr'>speeies</span> <span class='ocrx_word' id='word_1_104' title='bbox 600 2151 739 2227; x_wconf 81' lang='lat' dir='ltr'>taurique</span> <span class='ocrx_word' id='word_1_105' title='bbox 761 2150 878 2227; x_wconf 85' lang='lat' dir='ltr'>virique</span> <span class='ocrx_word' id='word_1_106' title='bbox 885 2172 894 2224; x_wconf 82' lang='lat'>3</span> 
     </span>
     <span class='ocr_line' id='line_1_19' title="bbox 174 2231 961 2313; baseline 0.004 -23"><span class='ocrx_word' id='word_1_107' title='bbox 174 2231 231 2291; x_wconf 87' lang='lat' dir='ltr'>Vir</span> <span class='ocrx_word' id='word_1_108' title='bbox 249 2241 378 2307; x_wconf 81' lang='lat' dir='ltr'>taurum,</span> <span class='ocrx_word' id='word_1_109' title='bbox 398 2236 527 2295; x_wconf 84' lang='lat' dir='ltr'>tendens</span> <span class='ocrx_word' id='word_1_110' title='bbox 548 2237 683 2294; x_wconf 82' lang='lat' dir='ltr'>membru</span> <span class='ocrx_word' id='word_1_111' title='bbox 702 2235 819 2309; x_wconf 83' lang='lat' dir='ltr'>labore,</span> <span class='ocrx_word' id='word_1_112' title='bbox 840 2237 961 2313; x_wconf 82' lang='lat' dir='ltr'>premit,</span> 
     </span>
     <span class='ocr_line' id='line_1_20' title="bbox 132 2316 887 2396; baseline 0.005 -22"><span class='ocrx_word' id='word_1_113' title='bbox 132 2316 252 2376; x_wconf 77' lang='lat' dir='ltr'>Infiexe</span> <span class='ocrx_word' id='word_1_114' title='bbox 270 2320 398 2393; x_wconf 81' lang='lat' dir='ltr'>cervice,</span> <span class='ocrx_word' id='word_1_115' title='bbox 420 2339 572 2395; x_wconf 76' lang='lat' dir='ltr'>manuque</span> <span class='ocrx_word' id='word_1_116' title='bbox 591 2321 723 2380; x_wconf 84' lang='lat' dir='ltr'>obnixus</span> <span class='ocrx_word' id='word_1_117' title='bbox 745 2328 887 2396; x_wconf 82' lang='lat' dir='ltr'>utruqne3</span> 
     </span>
     <span class='ocr_line' id='line_1_21' title="bbox 174 2401 814 2480; baseline 0.006 -20"><span class='ocrx_word' id='word_1_118' title='bbox 174 2401 243 2461; x_wconf 84' lang='lat' dir='ltr'>Hae</span> <span class='ocrx_word' id='word_1_119' title='bbox 264 2423 367 2478; x_wconf 79' lang='lat' dir='ltr'>nares,</span> <span class='ocrx_word' id='word_1_120' title='bbox 387 2405 443 2462; x_wconf 82' lang='lat' dir='ltr'>illu</span> <span class='ocrx_word' id='word_1_121' title='bbox 462 2423 575 2463; x_wconf 84' lang='lat' dir='ltr'>oornua</span> <span class='ocrx_word' id='word_1_122' title='bbox 593 2423 702 2480; x_wconf 82' lang='lat' dir='ltr'>pressu</span> <span class='ocrx_word' id='word_1_123' title='bbox 723 2412 814 2464; x_wconf 78' lang='lat' dir='ltr'>tenet.</span> 
     </span>
     <span class='ocr_line' id='line_1_22' title="bbox 132 2487 1026 2564; baseline 0.002 -19"><span class='ocrx_word' id='word_1_124' title='bbox 132 2487 257 2563; x_wconf 78' lang='lat' dir='ltr'>Iamque</span> <span class='ocrx_word' id='word_1_125' title='bbox 275 2489 369 2564; x_wconf 83' lang='lat' dir='ltr'>pedes</span> <span class='ocrx_word' id='word_1_126' title='bbox 391 2489 544 2548; x_wconf 79' lang='lat' dir='ltr'>labefecit.</span> <span class='ocrx_word' id='word_1_127' title='bbox 565 2492 607 2547; x_wconf 85' lang='lat' dir='ltr'>At</span> <span class='ocrx_word' id='word_1_128' title='bbox 626 2491 702 2546; x_wconf 83' lang='lat' dir='ltr'>haec</span> <span class='ocrx_word' id='word_1_129' title='bbox 721 2490 752 2545; x_wconf 87' lang='lat' dir='ltr'>vi</span> <span class='ocrx_word' id='word_1_130' title='bbox 773 2490 853 2547; x_wconf 80' lang='lat' dir='ltr'>vieto</span> <span class='ocrx_word' id='word_1_131' title='bbox 868 2489 1026 2548; x_wconf 83' lang='lat' dir='ltr'>domantur</span> 
     </span>
     <span class='ocr_line' id='line_1_23' title="bbox 174 2571 741 2650; baseline -0.004 -17"><span class='ocrx_word' id='word_1_132' title='bbox 174 2571 320 2650; x_wconf 83' lang='lat' dir='ltr'>Sublupsi</span> <span class='ocrx_word' id='word_1_133' title='bbox 337 2581 420 2633; x_wconf 84' lang='lat' dir='ltr'>retro</span> <span class='ocrx_word' id='word_1_134' title='bbox 441 2574 523 2632; x_wconf 83' lang='lat' dir='ltr'>oolla</span> <span class='ocrx_word' id='word_1_135' title='bbox 543 2575 654 2650; x_wconf 81' lang='lat' dir='ltr'>supina</span> <span class='ocrx_word' id='word_1_136' title='bbox 673 2574 741 2631; x_wconf 87' lang='lat' dir='ltr'>feri.</span> 
     </span>
     <span class='ocr_line' id='line_1_24' title="bbox 133 2655 974 2736; baseline 0.001 -19"><span class='ocrx_word' id='word_1_137' title='bbox 133 2655 167 2718; x_wconf 86' lang='lat' dir='ltr'>Si</span> <span class='ocrx_word' id='word_1_138' title='bbox 184 2659 255 2733; x_wconf 86' lang='lat' dir='ltr'>quid</span> <span class='ocrx_word' id='word_1_139' title='bbox 276 2659 454 2718; x_wconf 85' lang='lat' dir='ltr'>oouiieimus</span> <span class='ocrx_word' id='word_1_140' title='bbox 477 2659 575 2735; x_wconf 79' lang='lat' dir='ltr'>(tauta</span> <span class='ocrx_word' id='word_1_141' title='bbox 595 2666 648 2717; x_wconf 75' lang='lat' dir='ltr'>est</span> <span class='ocrx_word' id='word_1_142' title='bbox 666 2658 713 2716; x_wconf 87' lang='lat' dir='ltr'>vis</span> <span class='ocrx_word' id='word_1_143' title='bbox 735 2659 824 2736; x_wconf 81' lang='lat' dir='ltr'>artis)</span> <span class='ocrx_word' id='word_1_144' title='bbox 847 2659 974 2718; x_wconf 84' lang='lat' dir='ltr'>anhelus</span> 
     </span>
     <span class='ocr_line' id='line_1_25' title="bbox 173 2743 821 2821; baseline 0.002 -21"><span class='ocrx_word' id='word_1_145' title='bbox 173 2743 229 2801; x_wconf 89' lang='lat' dir='ltr'>Vir</span> <span class='ocrx_word' id='word_1_146' title='bbox 254 2744 362 2803; x_wconf 87' lang='lat' dir='ltr'>sudore</span> <span class='ocrx_word' id='word_1_147' title='bbox 384 2745 460 2817; x_wconf 82' lang='lat' dir='ltr'>fluit,</span> <span class='ocrx_word' id='word_1_148' title='bbox 484 2743 582 2821; x_wconf 78' lang='lat' dir='ltr'>spirat</span> <span class='ocrx_word' id='word_1_149' title='bbox 602 2744 635 2801; x_wconf 92' lang='lat' dir='ltr'>in</span> <span class='ocrx_word' id='word_1_150' title='bbox 657 2762 729 2801; x_wconf 81' lang='lat' dir='ltr'>uere</span> <span class='ocrx_word' id='word_1_151' title='bbox 747 2744 821 2802; x_wconf 80' lang='lat' dir='ltr'>fera.</span> 
     </span>
    </p>
   </div>
   <div class='ocr_carea' id='block_1_6' title="bbox 130 2906 1080 3499">
    <p class='ocr_par' dir='ltr' id='par_1_6' title="bbox 130 2906 1080 3499">
     <span class='ocr_line' id='line_1_26' title="bbox 398 2906 1045 2993; baseline -0.002 -21"><span class='ocrx_word' id='word_1_152' title='bbox 398 2906 476 2993; x_wconf 78' lang='lat' dir='ltr'>Xst&#39;p</span> <span class='ocrx_word' id='word_1_153' title='bbox 500 2930 538 2991; x_wconf 81' lang='grc' dir='ltr'>με</span> <span class='ocrx_word' id='word_1_154' title='bbox 561 2906 780 2972; x_wconf 73' lang='grc' dir='ltr'>Πολυκλείτου.</span> <span class='ocrx_word' id='word_1_155' title='bbox 995 2909 1045 2972; x_wconf 79' lang='grc' dir='ltr'>δβ</span> 
     </span>
     <span class='ocr_line' id='line_1_27' title="bbox 132 2991 1044 3075; baseline 0.002 -20"><span class='ocrx_word' id='word_1_156' title='bbox 132 2991 315 3055; x_wconf 78' lang='lat' dir='ltr'>Salmoneus</span> <span class='ocrx_word' id='word_1_157' title='bbox 330 3016 386 3074; x_wconf 86' lang='lat' dir='ltr'>ego</span> <span class='ocrx_word' id='word_1_158' title='bbox 398 3016 476 3070; x_wconf 86' lang='lat' dir='ltr'>sum,</span> <span class='ocrx_word' id='word_1_159' title='bbox 485 2997 663 3073; x_wconf 76' lang='lat' dir='ltr'>Polycleteo</span> <span class='ocrx_word' id='word_1_160' title='bbox 677 3015 768 3073; x_wconf 86' lang='lat' dir='ltr'>opus:</span> <span class='ocrx_word' id='word_1_161' title='bbox 781 2994 834 3054; x_wconf 91' lang='lat' dir='ltr'>ille</span> <span class='ocrx_word' id='word_1_162' title='bbox 850 3016 907 3074; x_wconf 86' lang='lat' dir='ltr'>ego</span> <span class='ocrx_word' id='word_1_163' title='bbox 917 3017 1044 3075; x_wconf 83' lang='lat' dir='ltr'>mugnus</span> 
     </span>
     <span class='ocr_line' id='line_1_28' title="bbox 173 3078 827 3157; baseline -0.005 -16"><span class='ocrx_word' id='word_1_164' title='bbox 173 3078 365 3154; x_wconf 79' lang='lat' dir='ltr'>Salmoneus,</span> <span class='ocrx_word' id='word_1_165' title='bbox 387 3082 457 3140; x_wconf 83' lang='lat' dir='ltr'>telis</span> <span class='ocrx_word' id='word_1_166' title='bbox 472 3084 533 3157; x_wconf 89' lang='lat' dir='ltr'>·qui</span> <span class='ocrx_word' id='word_1_167' title='bbox 552 3083 635 3141; x_wconf 87' lang='lat' dir='ltr'>Iovis</span> <span class='ocrx_word' id='word_1_168' title='bbox 659 3081 827 3157; x_wconf 86' lang='lat' dir='ltr'>obstrepui,</span> 
     </span>
     <span class='ocr_line' id='line_1_29' title="bbox 130 3163 942 3243; baseline 0.002 -20"><span class='ocrx_word' id='word_1_169' title='bbox 130 3163 250 3225; x_wconf 85' lang='lat' dir='ltr'>Rursus</span> <span class='ocrx_word' id='word_1_170' title='bbox 275 3168 355 3242; x_wconf 81' lang='lat' dir='ltr'>apud</span> <span class='ocrx_word' id='word_1_171' title='bbox 376 3185 481 3226; x_wconf 82' lang='lat' dir='ltr'>manes</span> <span class='ocrx_word' id='word_1_172' title='bbox 503 3187 610 3226; x_wconf 82' lang='lat' dir='ltr'>vexor.</span> <span class='ocrx_word' id='word_1_173' title='bbox 627 3173 799 3240; x_wconf 85' lang='lat' dir='ltr'>mutamque</span> <span class='ocrx_word' id='word_1_174' title='bbox 815 3184 942 3243; x_wconf 86' lang='lat' dir='ltr'>perosus</span> 
     </span>
     <span class='ocr_line' id='line_1_30' title="bbox 171 3249 831 3329; baseline 0 -20"><span class='ocrx_word' id='word_1_175' title='bbox 171 3249 324 3324; x_wconf 79' lang='lat' dir='ltr'>Formam,</span> <span class='ocrx_word' id='word_1_176' title='bbox 343 3251 487 3310; x_wconf 85' lang='lat' dir='ltr'>fulmineo</span> <span class='ocrx_word' id='word_1_177' title='bbox 508 3253 634 3311; x_wconf 83' lang='lat' dir='ltr'>caelitus</span> <span class='ocrx_word' id='word_1_178' title='bbox 655 3252 724 3329; x_wconf 86' lang='lat' dir='ltr'>igne</span> <span class='ocrx_word' id='word_1_179' title='bbox 746 3251 831 3328; x_wconf 81' lang='lat' dir='ltr'>petit.</span> 
     </span>
     <span class='ocr_line' id='line_1_31' title="bbox 130 3332 1080 3413; baseline 0.003 -22"><span class='ocrx_word' id='word_1_180' title='bbox 130 3332 227 3393; x_wconf 76' lang='lat' dir='ltr'>Parce</span> <span class='ocrx_word' id='word_1_181' title='bbox 250 3336 370 3409; x_wconf 71' lang='lat' dir='ltr'>animis,</span> <span class='ocrx_word' id='word_1_182' title='bbox 393 3336 507 3394; x_wconf 85' lang='lat' dir='ltr'>fulmen</span> <span class='ocrx_word' id='word_1_183' title='bbox 530 3355 634 3413; x_wconf 87' lang='lat' dir='ltr'>preme</span> <span class='ocrx_word' id='word_1_184' title='bbox 649 3336 796 3413; x_wconf 82' lang='lat' dir='ltr'>Iuppiter,</span> <span class='ocrx_word' id='word_1_185' title='bbox 820 3355 858 3394; x_wconf 91' lang='lat' dir='ltr'>eu</span> <span class='ocrx_word' id='word_1_186' title='bbox 878 3354 933 3412; x_wconf 83' lang='lat' dir='ltr'>ego</span> <span class='ocrx_word' id='word_1_187' title='bbox 954 3336 1046 3394; x_wconf 77' lang='lat' dir='ltr'>inane</span> <span class='ocrx_word' id='word_1_188' title='bbox 1077 3396 1080 3400; x_wconf 12' lang='grc' dir='ltr'><strong>Α</strong></span> 
     </span>
     <span class='ocr_line' id='line_1_32' title="bbox 173 3418 920 3499; baseline -0.003 -19"><span class='ocrx_word' id='word_1_189' title='bbox 173 3418 312 3499; x_wconf 75' lang='lat' dir='ltr'>Signum,</span> <span class='ocrx_word' id='word_1_190' title='bbox 335 3438 403 3480; x_wconf 83' lang='lat' dir='ltr'>cnm</span> <span class='ocrx_word' id='word_1_191' title='bbox 425 3430 508 3481; x_wconf 88' lang='lat' dir='ltr'>muto</span> <span class='ocrx_word' id='word_1_192' title='bbox 532 3422 614 3480; x_wconf 85' lang='lat' dir='ltr'>bella</span> <span class='ocrx_word' id='word_1_193' title='bbox 634 3423 705 3496; x_wconf 87' lang='lat' dir='ltr'>quid</span> <span class='ocrx_word' id='word_1_194' title='bbox 726 3440 796 3480; x_wconf 83' lang='lat' dir='ltr'>aere</span> <span class='ocrx_word' id='word_1_195' title='bbox 818 3421 920 3498; x_wconf 82' lang='lat' dir='ltr'>geris?</span> 
     </span>
    </p>
   </div>
   <div class='ocr_carea' id='block_1_7' title="bbox 0 0 1284 4216">
    <p class='ocr_par' dir='ltr' id='par_1_7' title="bbox 0 0 1284 4216">
     <span class='ocr_line' id='line_1_33' title="bbox 0 0 1284 4216; baseline 0 0"><span class='ocrx_word' id='word_1_196' title='bbox 0 0 1284 4216; x_wconf 95' lang='lat' dir='ltr'> </span> 
     </span>
    </p>
   </div>
  </div>
 </body>
</html>
