2586 4214
519 344 670 437 211..

453 511 583 592 &reple
606 512 727 572 XIIII.

139 596 193 658 Ob.
235 600 346 659 Amore
367 600 528 659 tremiscoc
549 600 641 659 vitulo
659 596 770 676 gaudio
793 614 898 675 vagus.

137 683 184 756 Ic,
204 684 248 754 Ie,
269 703 287 740 o
306 683 386 742 Fau·

138 787 201 841 -ne,
227 787 245 826 0
266 785 398 847 pervage
419 770 539 829 Faune:

137 852 296 930 Cylleniae
316 854 457 930 speculae
471 854 543 933 iuga

135 938 214 1016 Age,
234 956 264 1011 0,
281 938 427 1016 ninguida
449 940 552 1015 linque
572 958 709 1018 scrupea.
731 941 815 1000 adsis

135 1022 238 1081 Deum
259 1022 459 1084 salisubsnle:
480 1033 572 1101 atque
591 1034 695 1103 gestus

137 1106 328 1167 Gnossiacos
348 1128 404 1187 age

135 1193 268 1267 Mecum,
290 1192 499 1269 indocilesque
520 1196 598 1272 pede

137 1275 235 1351 Quate
257 1277 306 1335 bic
326 1280 465 1338 choreas.

135 1360 226 1423 Nunc
248 1363 322 1421 mihi
345 1364 481 1423 saltitare
502 1383 591 1423 curae
613 1371 670 1424 est.
704 1402 706 1405 ·

135 1447 265 1526 Icarium
285 1447 383 1507 salum
410 1468 571 1526 superaus,
593 1459 693 1509 trans·

136 1533 267 1591 ·marine
288 1531 376 1592 Dicev
390 1534 512 1612 Apelle,

134 1620 269 1695 Apertns
293 1627 323 1675 et
344 1638 495 1696 apparens

133 1703 252 1763 Adeste
271 1704 446 1779 placabilis,
470 1714 560 1781 atque
579 1705 667 1762 felix.

305 1840 309 1851 .
423 1790 616 1865 Antiatroplae
641 1789 759 1847 XIIII.

133 1870 283 1945 Remetus
301 1874 382 1932 enim
407 1892 477 1932 acer
499 1876 537 1934 ab
556 1875 651 1933 oculis
666 1873 738 1932 mali
749 1873 844 1932 labor.

133 1957 178 2031 Ic,
199 1958 244 2030 Io,
267 1977 347 2017 nnnc
369 1980 388 2018 o
412 1978 491 2018 nunc

133 2042 288 2102 Accedere
310 2045 415 2122 Iuppi·
629 2114 631 2119 .

134 2135 205 2200 -tcr,
228 2128 341 2201 fausta,
364 2129 494 2188 candida
513 2129 567 2186 lux
588 2129 661 2188 sivit

134 2210 219 2272 Citas
240 2213 419 2293 fluctivagas
443 2221 536 2286 rates,
556 2215 627 2288 qnia
647 2215 727 2274 Aiax

132 2298 246 2358 Furore
269 2298 398 2373 levatus,
420 2299 606 2359 cuneorum

132 2382 218 2442 Iusta
240 2392 380 2458 operatus
401 2393 459 2455 est,

131 2467 174 2526 Et
196 2486 277 2525 nunc
297 2469 411 2545 pietate
433 2469 539 2527 colens

45 2622 47 2625 Ι
132 2550 191 2610 Pia
212 2553 353 2631 benigna.

135 2636 249 2697 Omnia
270 2646 390 2716 tempus
414 2656 483 2696 ecre
506 2637 596 2696 delet.

131 2719 200 2781 Nec
221 2724 287 2781 fieri
307 2742 397 2783 omne
417 2741 522 2800 pesse,
546 2722 716 2799 negendam
740 2731 795 2781 est.

131 2807 193 2867 Ubi
215 2808 283 2885 ipse
305 2809 463 2868 restitutus

131 2892 212 2953 Aiax
233 2894 320 2952 medo
339 2893 454 2953 Atridis
476 2892 522 2950 in-

133 2978 256 3055 ·opinus
279 2988 387 3038 estex
408 2977 547 3055 graviore
570 2976 632 3035 lite.
735 3019 738 3023 .

130 3060 281 3122 Nuncins.
324 3063 390 3121 Hcs
402 3063 543 3140 primum,
557 3061 658 3135 amici,
673 3080 729 3121 ves
743 3081 800 3140 ege
818 3063 943 3123 edoctos
955 3064 1044 3124 volo:

131 3145 253 3207 Recens
274 3149 312 3206 ab
337 3147 407 3207 altis
427 3147 548 3224 Mysiae
571 3147 689 3206 Teucer
711 3148 790 3225 iugis
1045 3159 1098 3212 720

131 3231 238 3293 Adest.
260 3234 288 3294 is
314 3242 413 3291 autem
436 3232 537 3290 media
558 3241 659 3291 castra
676 3251 838 3308 permeans

130 3316 250 3376 Petitur
268 3318 385 3376 acerbis
404 3318 538 3376 omnium
558 3318 704 3395 Argivdm
725 3319 853 3393 probris.

132 3402 314 3462 venantem
334 3403 414 3462 enim
433 3403 518 3461 illum
541 3403 758 3463 sciscitabundi
777 3403 878 3479 procul

132 3485 417 3548 Circumsteterunt:
437 3488 507 3546 binc
530 3496 561 3545 et
579 3488 650 3546 hinc
673 3488 820 3548 conviciis

131 3573 293 3646 Lacerant,
313 3573 478 3633 lacessunt.
501 3573 642 3631 nonfuit
665 3574 717 3650 qui
737 3594 801 3633 non
824 3592 891 3647 epm
1044 3587 1096 3641 7⁸25
