2532 4216
495 358 645 453 L

110 522 237 596 Affecit,
257 525 419 603 pigrosque
439 525 561 586 induxit
581 528 705 605 pectore
728 545 850 601 sensus,

109 607 268 685 Inspirata
288 610 366 669 meis
386 611 496 670 afflans
518 612 631 671 oblivia
652 613 742 673 curis.

110 691 161 752 Sic
182 701 241 751 tua
259 710 353 768 mors,
376 695 523 769 Lodoice‚
545 698 648 772 tuique
669 697 781 756 iniuria
799 697 856 755 lati

109 777 271 837 Musarum
291 779 395 839 dulces
417 781 530 854 foetus,
555 791 587 843 et
606 777 740 840 cuimina
761 791 866 842 nostro

109 862 236 922 Obterit
256 883 294 922 ex
313 865 424 923 animo.
445 865 616 943 Postquam
637 875 690 925 tua
707 867 815 927 funcra
832 873 964 926 moestus

107 949 245 1008 Auribus
264 949 312 1009 his
335 950 435 1023 hausi,
454 951 498 1009 nil
517 970 576 1010 nou
604 952 748 1011 mutabile
771 951 867 1023 sensi,

107 1034 211 1108 Atque
231 1034 310 1093 idem
332 1035 406 1093 mihi
427 1054 487 1108 me,
508 1036 559 1111 qni
580 1044 611 1095 te
627 1037 713 1110 mihi,
737 1053 826 1096 casus
847 1035 968 1096 ademit.

108 1115 179 1177 Hoc
203 1118 305 1178 solum
328 1128 478 1195 superest,
501 1121 538 1178 de
560 1130 590 1180 te
612 1123 665 1180 vix
688 1122 789 1180 dicere
807 1138 914 1199 posse,

107 1201 148 1261 Et
167 1211 286 1263 tantum
308 1200 486 1264 meminisse
507 1207 561 1280 tui,
585 1216 637 1264 tua
658 1207 723 1264 fata
743 1213 902 1265 canentem

107 1286 211 1361 Flere,
231 1289 331 1348 minus
353 1297 445 1362 muto,
467 1291 522 1350 sed
541 1310 605 1350 uon
629 1292 755 1351 meliore
776 1290 913 1350 canenda

91 1370 94 1376 ’
107 1370 250 1432 Pectoris
271 1374 391 1432 affectu.
414 1372 447 1436 Si
456 1375 524 1450 quis
537 1385 638 1435 tamen
655 1379 730 1436 haec
741 1377 900 1453 quoque[,]
916 1373 1024 1449 siquis

108 1456 237 1536 Rumpit
256 1459 346 1517 frena
367 1459 473 1519 dolor:
492 1480 552 1519 nou
572 1470 612 1535 te,
633 1463 692 1521 fios
714 1462 792 1521 lecte
809 1461 943 1521 virorum

106 1541 271 1617 Indictum,
294 1551 346 1602 aut
365 1552 418 1601 tua
439 1544 521 1603 facta
540 1546 648 1605 sinam.
670 1547 742 1605 Tibi
760 1555 886 1623 pectora
898 1545 1024 1625 plango,

107 1626 147 1685 ltt
167 1636 223 1687 tua
243 1630 303 1687 iam
326 1629 442 1693 resides
468 1631 588 1690 animos
608 1633 640 1690 in
662 1633 770 1689 funera
791 1631 888 1691 solvo.

107 1711 189 1771 Ecce
213 1714 265 1772 diu
286 1713 400 1773 sterilis
421 1714 502 1774 male
524 1718 649 1774 conscia
671 1716 776 1792 lingua
796 1714 899 1774 silenti

112 1797 272 1874 Obsequio
295 1799 377 1858 tristi
395 1799 488 1872 vires,
510 1819 675 1875 vocemque
697 1801 850 1858 ministrat

108 1876 144 1940 In
162 1884 265 1943 luctus
288 1884 420 1942 facunda
443 1900 529 1957 suos,
553 1903 610 1943 nec
629 1905 663 1944 se
684 1885 766 1962 capit
784 1886 879 1957 intus,

110 1967 208 2043 Quem
229 1970 277 2027 vis
301 1970 376 2027 dura
397 1968 471 2026 mali
492 1972 594 2046 potuit
617 1972 759 2030 cohibere
782 1971 926 2030 dolorem.

149 2055 199 2113 Ah
219 2053 330 2129 quibus
349 2056 486 2112 incusem
504 2057 638 2132 probris,
661 2075 721 2132 qua
743 2074 818 2116 voce
841 2057 1004 2130 lacessam,

109 2134 193 2211 Quae
214 2147 246 2196 te
268 2158 331 2198 non
353 2140 449 2198 verita
471 2149 519 2199 est
539 2147 624 2200 tanto
648 2142 790 2199 fraudare
809 2140 949 2200 ministro

109 2220 269 2283 Gallorum
291 2224 415 2283 fortuna
436 2225 529 2299 vices,
550 2244 625 2301 quas
646 2245 739 2301 saepe
760 2234 883 2284 ruentes
932 2240 934 2245 ’

106 2305 218 2381 Fulsit,
242 2310 325 2366 etin
346 2316 407 2366 tuto
423 2328 543 2370 rursum
565 2318 621 2368 tua·
642 2311 749 2369 dextra
767 2310 888 2380 locavit,

106 2389 187 2452 Dum
208 2394 303 2452 toties
324 2393 432 2468 vincis,
455 2395 631 2471 patriaeque
653 2394 829 2473 impendere
851 2393 944 2452 vitem

107 2474 178 2536 Non
202 2478 337 2551 dubitas,
360 2497 438 2554 quse
457 2487 488 2537 te
510 2498 608 2556 nuper
629 2480 707 2537 duce
728 2479 824 2537 civica
844 2478 935 2555 fregit

108 2563 212 2636 Mma,
238 2581 315 2640 vago
334 2564 412 2623 fines
435 2584 494 2640 qua
515 2564 659 2623 Pictones
680 2583 769 2622 amne
790 2564 940 2642 Vigenna,

109 2647 237 2725 Quaque
259 2648 336 2707 alios
355 2649 433 2708 fines
455 2649 606 2709 Lemovix
632 2649 809 2727 Gardampa
827 2650 983 2727 pererrat?

106 2729 192 2794 Heus
215 2733 270 2791 ubi
290 2750 370 2791 nunc
390 2734 496 2807 virtus,
516 2734 689 2812 invictaque
711 2735 838 2794 dextera
851 2734 952 2793 belloi

107 2815 192 2879 Heus
215 2819 270 2876 ubi
287 2819 442 2894 perfectae
463 2820 569 2879 sitiens
592 2839 679 2879 mens
704 2821 825 2880 laudis?
844 2820 896 2878 ubi
915 2820 1024 2898 ingens
1080 2862 1082 2867 -

108 2900 218 2963 Gloria
228 2901 447 2962 Castanidum?
459 2924 570 2982 nempe
583 2906 669 2978 haec,
683 2906 760 2984 proh
773 2916 879 2964 sancta
891 2903 1025 2963 Deorum

107 2984 254 3061 Numina,
275 3007 387 3066 nempe
406 2989 485 3067 nigri
506 2992 582 3048 haec
604 2991 651 3049 vis
673 2990 798 3049 abstulit
819 2991 919 3047 omnia
939 2988 1002 3048 leti.

109 3072 135 3133 0
160 3081 237 3152 quot
254 3073 412 3133 funeribus
434 3074 489 3133 tibi
509 3076 600 3134 funus
624 3074 761 3132 constitit
782 3076 890 3131 unum!

88 3155 184 3230 'Quot
206 3159 351 3217 lacrimas
374 3160 478 3232 orbae,
500 3167 644 3236 quantum
664 3159 730 3231 tibi,
754 3157 857 3218 Gallia
876 3158 931 3216 fati

105 3242 1025 3325 MorsdcditunalNovumnequeenim,nequenuperoborta

106 3324 267 3388 Nobilium
293 3328 330 3386 de
352 3328 443 3404 plebe
463 3338 564 3405 caput,
586 3330 642 3388 sed
662 3328 811 3406 sauguine
830 3329 869 3386 ab
891 3327 951 3385 ulto

108 3409 288 3473 Demissum
310 3432 418 3489 genus,
438 3423 530 3489 atque
549 3415 659 3475 beroae
684 3413 789 3490 stirpis
809 3413 962 3470 alumnum

105 3495 211 3576 Usque
232 3498 272 3556 ab
295 3497 372 3570 avis,
395 3506 426 3555 et
448 3516 571 3557 avorum
592 3500 703 3572 atavis,
720 3499 758 3556 ab
782 3497 899 3575 origine
913 3498 1023 3575 prima.

109 3582 195 3660 Quod
214 3601 314 3662 genus
334 3590 505 3657 externum,
534 3601 611 3658 qaae
632 3602 709 3661 gens
733 3591 796 3643 tam
819 3582 907 3643 deria
927 3581 1025 3643 nescit
