2502 4218
504 320 653 419 -Q—

119 476 256 544 Οἴκοθεν
282 483 298 546 ό
323 483 445 565 μάρτυς.
473 479 538 548 Οὐκ
559 483 632 548 ἄνευ
656 506 692 567 γε
713 483 851 568 Θησέως.

112 560 250 647 Ὄμνυσι
269 565 406 650 Λάμπων
427 571 519 653 χῆνα.
542 566 719 641 Παιζύντων
743 569 841 639 πόλις.

113 646 212 717 Ὄνος
235 649 266 712 ἐν
292 651 453 735 μελίτταις.
477 649 542 716 Ούκ
566 653 639 717 ἄνευ
663 651 778 738 χρόνου
801 656 899 738 φίλος.

115 730 212 802 Ὀνος
232 733 264 796 ἐν
287 735 439 818 πιθήκοις.
459 734 542 821 Πρδς
566 737 644 806 ἅλας
661 739 882 823 ήγορασμένος.

111 814 210 887 Ὀνος
227 820 304 903 πρὸς
323 819 429 883 αῦλόν.
452 818 578 905 Μικρὸς,
599 823 706 906 ἡλίκος
727 819 854 888 Μόλων.

112 898 236 987 Ὀρθήν
261 905 404 989 βαδίζεις.
425 903 466 968 Ἡ
487 908 609 990 κορώνη
631 906 761 969 Δαυλία.

113 982 248 1050 Ὀστοῦν
270 985 369 1052 ἔνεστι
388 995 434 1075 τῷ
454 990 546 1073 λύγιρ.
565 989 682 1075 Γοργδν
709 989 825 1076 βλέπει.

118 1067 200 1135 Οὐδ’
216 1071 247 1134 ἐν
271 1073 402 1141 σελίνοις
425 1074 497 1137 ἐστί.
515 1073 601 1144 Βοῦς
619 1072 798 1144 Μολόττιος.

118 1152 166 1220 Ού
191 1157 272 1220 νυκτὶ
293 1160 417 1226 πλώεις.
436 1153 474 1222 ‘0
495 1158 633 1241 πόλεμος
654 1161 775 1223 πάντων
797 1162 907 1246 πατήρ.
955 1178 958 1185 ·

118 1237 198 1305 Οὐδ’
220 1240 304 1326 ὄναρ.
323 1237 361 1306 ‘0
383 1240 542 1312 δασύπους
561 1246 612 1307 τὸν
633 1244 702 1328 περὶ
724 1249 822 1328 κρεῶν
844 1245 957 1334 τρέχει.

118 1321 167 1389 Ob
190 1321 278 1402 Χῖος,
302 1325 383 1389 ἀλλὰ
403 1323 506 1396 Κῶος.
528 1326 684 1435 Αἰγύπτου
705 1330 812 1413 γοίμος.

119 1405 188 1473 Οδκ
210 1409 260 1473 ἐπὶ
280 1407 332 1474 Χα
355 1410 453 1495 ιΕένης
474 1407 540 1475 τύδ’
566 1411 641 1477 ευτ’.
663 1411 741 1481 Αἴας
763 1416 847 1499 γελᾷ.

118 1489 187 1557 Ούκ
210 1492 298 1602 ἔργον
323 1433 425 1579 ἕρδρας.
444 1495 657 1581 Ἀποτραίγημ’
679 1498 849 1566 ἀλώπεκος.

119 1573 187 1642 Οῦκ
206 1577 266 1642 οιδ’
287 1577 303 1641 δ
322 1582 460 1663 κρώζεις.
482 1577 655 1728 Μὴὸθαίδιῖ
681 1579 754 1644 ἄνευ
777 1581 881 1651 ξύλου.

116 1658 244 1747 Ὀχλεῦς
267 1664 364 1746 μάτην
389 1686 426 1748 με
449 1664 522 1747 κῦμ’
565 1687 640 1733 πως.
657 1662 767 1749 Ἔχεις
786 1669 893 1749 γαλῆν.

117 1744 199 1815 Παῖς
215 1747 306 1831 πατρὶ
329 1747 421 1831 λύπη.
445 1747 567 1833 Πρᾶγμ’
591 1750 768 1832 ἀναγκαῖον,
790 1750 895 1814 κακόν.

117 1828 310 1915 Παρεύρεσις
334 1831 480 1917 Θράκεια.
503 1832 633 1918 Λέσβιος
653 1831 771 1918 πρύλις.
870 1836 1034 1922 [θρακίαῖ]

117 1912 244 1999 Πύρνου
268 1917 393 2001 σκάρος.
416 1914 581 2001 Κρότωνος
600 1918 782 2003 ὑγιέστερος.

118 1996 264 2081 Ποὶσητος
284 2002 473 2086 ἡμιώβολος.
495 2001 597 2088 Σκύτη
618 2002 737 2152 ἐλύπει.

117 2081 216 2189 Πηλιρῦ
239 2085 398 2168 καθαίροις
418 2086 527 2169 πηλόν.
541 2085 600 2155 Ὗς
650 2089 766 2151 υιωτία.

117 2165 292 2238 Πλεοοειας
314 2170 358 2238 εἰς
381 2166 542 2254 Τροιζῆνα.
565 2170 707 2255 Πέμματ’
727 2172 858 2237 Ἀττικοί.

118 2249 206 2336 Πλὴν
230 2252 323 2322 εἴτις
345 2252 426 2337 όρνις
447 2254 530 2320 οἶδεν
552 2253 712 2339 ἡμᾶςἛν
734 2257 811 2341 πρὸς
832 2257 874 2320 ἔν.

117 2333 263 2421 Πόλεμος
285 2337 428 2422 ἄδακρυς.
443 2336 487 2402 Ἢ
509 2343 572 2426 τρὶς
594 2340 637 2415 ἓξ,
656 2341 675 2422 ἢ
697 2341 759 2423 τρὶς
780 2340 879 2425 κύβοι.

116 2417 232 2506 Πόῤῥω
256 2421 329 2491 Διός
353 2446 385 2485 τε
405 2425 457 2487 καὶ
477 2429 640 2510 κεραυνοῦ.
661 2422 752 2508 Μηδὲ
771 2429 838 2509 γρῦ.

116 2501 219 2575 Πότος
240 2507 379 2575 Λυκεῖος.
398 2506 543 2578 Ἀκεσίας
564 2510 681 2572 ίοῐοατο.

117 2585 193 2675 Πρὶν
214 2591 234 2675 ἢ
259 2592 362 2654 πτύσαι
380 2591 525 2678 τᾶλευρα.
549 2591 610 2656 Τδν
634 2594 754 2677 φαλλὸν
776 2591 851 2678 θεηῦ.

116 2670 307 2761 Προβοὶτειον
328 2674 416 2761 ἦθος.
434 2675 590 2762 Ἀρκάδας
613 2676 812 2762 μιμούμενος.

116 2754 201 2844 Πρδς
220 2756 373 2844 Κώρυκον
392 2765 596 2846 γυμνάζομαι.
619 2762 721 2831 Λύκος
764 2765 856 2826 ανών.

116 2834 369 2928 Προσεγκαλοῦσ’
396 2847 426 2908 οἱ
447 2852 559 2995 φώρες.
581 2847 682 2929 Αίγών
706 2786 852 2930 ὀνόματα.

116 2923 451 3015 ΠροσέληνοςἈρκύς.
479 2932 486 2957 '
519 2931 652 3016 κρότητα
674 2932 827 3017 κύμβαλα.

116 3008 322 3098 Πτωχότερος
338 3011 430 3097 Ἴρου.
453 3014 536 3101 Πρδς
560 3016 623 3079 δύω
647 3015 679 3078 δ’
702 3016 772 3079 οὐδι
789 3013 955 3100 Ἡρακλῆς.

115 3093 204 3182 Πυγὴ
225 3098 375 3181 γυναικός.
395 3096 433 3164 Ὁ
457 3100 507 3164 διὰ
532 3099 695 3186 φρατόρων
714 3100 806 3163 κύων.

116 3177 264 3265 Πώγωνα
286 3184 407 3246 τιλλειν.
429 3181 499 3248 Ἐπὶ
520 3184 600 3269 θύρᾳ
622 3184 676 3268 τὴν
700 3184 814 3267 ὑδρίαν.

114 3260 289 3349 Σαλαμινία
312 3271 394 3336 ναῦς.
418 3266 521 3332 Ποὶντα
541 3268 630 3332 κοινὰ
651 3274 710 3332 τῶν
733 3269 842 3352 φίλων.

114 3344 233 3434 Σάμιος
251 3352 396 3436 κομήτης.
419 3348 563 3421 Τενέδιος
585 3355 761 3438 συνήγορος.

114 3429 243 3504 Σικελὸς
264 3436 436 3503 θάλασσαν.
458 3433 513 3505 Εἰς
531 3440 622 3506 κυνδς
643 3438 741 3522 πυγὴν
765 3435 833 3521 ὅρα.

114 3513 260 3584 Σκυθιστὶ
283 3520 371 3583 πίνει.
393 3519 455 3604 Γῆν
478 3523 537 3605 πρὸ
559 3527 616 3605 γῆς
635 3522 805 3586 ἐλαύνεται.
