2502 4218
471 294 621 400 Q·-

81 466 237 537 Ἐπακτὸς
257 469 358 554 όρκος.
374 468 518 554 ιΑρπαγὴ
538 470 577 534 τὰ
599 467 762 556 Κιννοίρου.

80 551 310 636 Ἐπιμενιῦειον
333 553 443 639 δέρμα.
464 553 488 617 Γ
489 560 512 638 ᾗ
533 554 651 639 κρύψας
675 553 693 618 έ
714 578 767 625 εις.

81 636 291 721 Ἐρασινοὶδου
318 639 491 722 στρατηγία.
508 635 616 721 Ῥῆσις
636 638 697 703 Σκυ
722 646 775 703 ῶν.

82 720 280 807 Ἐρεβίνὰιος
298 722 456 792 Διόνυσος.
475 722 638 808 Ἀνεριόνρ
664 722 767 808 ῥόδον.

82 803 271 891 Ἐρετριέων
288 804 366 871 Ῥῶ.
390 804 547 891 Κύπριδος
567 809 674 871 ιιεστὰν
699 807 813 893 φέρεις.

80 889 205 976 Ἑρμῆς
225 892 476 976 ἐπεισελήλυὰεν.
503 892 610 956 Φάνου
631 891 724 975 θόρα.

82 973 220 1039 Εῦῦοντι
242 976 269 1040 δ’
293 975 373 1061 αἴρει
393 977 511 1061 κόρτος.
528 976 631 1046 Ἄξιον
652 976 765 1062 τριχός.

84 1057 223 1145 Εῦρημα
242 1059 473 1146 Παλαμήδειον.
493 1061 572 1126 Ἀπὸ
595 1064 732 1145 γλώττης
753 1063 852 1147 φιλος.
936 1060 941 1071 ’

83 1141 232 1229 Εὔριπος.
247 1140 353 1230 Ὕδωρ
377 1147 534 1233 βατράχιρ,
559 1148 642 1229 γαλῇ
667 1145 770 1231 στέαρ.

80 1227 122 1292 Ἢ
144 1229 196 1300 αἲξ
219 1230 253 1293 τὸ
274 1232 481 1314 κιννάμωμον.
499 1231 611 1299 Ἀννος
632 1231 785 1315 κρίβανον.

86 1312 255 1377 Θάλασσαν
277 1316 406 1383 ἀντλεῖς.
429 1312 590 1397 Ἐγκεῶτις
609 1315 723 1399 ἡμέρα.

88 1396 266 1481 Θεαγένους
281 1396 453 1465 Ἔκοὶτειον.
479 1396 546 1462 Ἐπὶ
568 1404 655 1484 φακῇ
677 1400 782 1485 μόρον.

87 1480 208 1566 Θήλεια
228 1482 331 1553 τέττιξ.
362 1481 424 1566 Τὴν
444 1484 532 1546 πόλιν
554 1490 653 1552 ποιεῖς
674 1485 778 1570 ἀγρόν.

87 1565 312 1652 Θρασύβουλος
331 1568 444 1654 ὰχράδ’
470 1567 589 1650 ἤσθιεν.
610 1567 746 1651 Μενετοὶ,
763 1569 842 1634 θεοί.

83 1649 230 1735 Ἰαλέμου
254 1652 452 1737 ψυχρότερος.
473 1652 650 1738 Ἱππάρχων
672 1654 770 1723 πίναξ.
866 1692 876 1715 ι

82 1732 169 1819 Ἱρὰς
192 1736 321 1807 κόνειος.
343 1735 513 1822 Ἡρέτερος
535 1739 551 1801 ό
576 1742 746 1821 πυραμοῦς.

79 1814 188 1889 Ἵππος
209 1822 361 1905 χελώνην.
384 1821 475 1886 Θεῖον
498 1820 621 1907 ἐξαιροῦ
642 1820 745 1904 λόγον.

86 1902 251 1988 Κοὶὰαμμα
274 1906 367 1971 λόειν.
385 1904 544 1992 Ἐγχέλεις
565 1907 754 1990 θηρώμενοι.

86 1987 200 2053 Κανῶν
220 1990 376 2055 θάλασσα.
400 1990 518 2076 Τράγον
540 1991 695 2074 ἀμέλγειν.
722 1989 812 2075 Παρὰ
834 1992 936 2075 μέλος.

86 2071 176 2138 Κατὰ
194 2076 272 2157 μυὸς
292 2075 433 2161 ὄλεθρον.
453 2076 532 2141 Ἀπὸ
556 2077 600 2146 δὶς
621 2075 698 2139 ἑπτὰ
719 2099 755 2139 κυ
781 2078 873 2141 σίτων.

86 2155 174 2222 Κατὰ
196 2159 270 2243 ῥοῦν
291 2165 460 2245 προχωρεῖ.
482 2157 544 2309 ΤλγΓν
565 2164 725 2313 χαχοίὰραν
774 2160 850 2245 ἰνόη.

87 2241 175 2307 Κατὰ
201 2248 303 2328 πῆχυν
325 2244 495 2309 ἐπιδίδωσι.
545 2248 578 2310 ὸν

632 2247 728 2332 άβοος
749 2248 855 2330 χορόν.

88 2324 206 2411 Κέλρις
226 2329 361 2412 σίδηρον.
386 2329 468 2393 Ἀντὶ
489 2333 632 2413 σώματος
656 2329 734 2393 σκιὰ.

87 2408 227 2496 Κέπφος.
254 2413 420 2498 Φαλαιιρὸς
436 2412 600 2484 Μυκόνιος.
623 2414 823 2496 Σκιαραχεῖν.

87 2493 226 2579 Κίγκλοι.
249 2494 423 2566 Καθεόδεις
445 2499 522 2565 ἅλας
545 2498 639 2581 ὰγων.
656 2494 750 2561 Ὀνου
770 2497 895 2569 πόκους.

87 2578 227 2649 Κιλίκιος
247 2579 386 2666 ὄλεθρος.
402 2579 523 2666 (Ὠσπερ
547 2583 578 2647 ἐν
601 2581 793 2651 Φειδειτίοις.
842 2632 846 2641 .

87 2662 259 2750 Κόθορνος.
276 2664 358 2737 Ἔξω
381 2672 441 2731 τῶν
465 2668 577 2731 ἐλαιῶν
602 2665 732 2752 ἐκρέργγ.

86 2746 223 2817 Κολοιός
244 2751 429 2837 Αἰσώπειος.
450 2749 583 2838 Ἔσχατ’
608 2752 758 2837 ἐσχάτων.

85 2831 312 2920 Κορινὰιὰξειν.
336 2834 379 2900 Τὰ
406 2835 538 2919 μέγεθος
557 2839 747 2905 κολοσσικὰς.

85 2915 192 3005 Κόραξ
211 2919 344 3003 όδρεόει.
368 2920 469 2987 ssdvfl’
491 2922 549 2985 ὑπὸ
572 2922 715 2988 Μύκονον
738 2922 818 3004 μίαν.
942 2946 955 2979 x

86 3000 215 3090 Κροίδης
234 3004 386 3090 ῥαγείσης.
408 3002 507 3070 Οὐδὲν
531 3006 562 3075 ἐξ
587 3009 626 3090 σἰγ
647 3012 684 3070 οῦ
708 3006 816 3088 λέγεις.

85 3085 242 3174 Κρείττων
269 3089 517 3173 ἐπεισελήλυθεν.
537 3088 584 3154 Τὰ
605 3029 778 3156 λόὰννοὶκοο.

85 3169 211 3259 Κρῆναι
231 3175 376 3238 λαλοῦσιν
400 3174 545 3259 ἀργύρου.
567 3174 806 3259 Σοροδαίμονες.

85 3254 183 3343 Κριὸς
206 3260 324 3343 τροφεῖ
346 3258 501 3325 ἀπέδωκε.
531 3258 645 3325 Μοῦσα
669 3259 803 3344 Δωρική.

85 3338 244 3429 Κροκόὰας
265 3344 420 3428 ἀφαιρεῖν.
442 3341 506 3427 Ζῇν
531 3345 704 3429 χαραδριοῦ
725 3344 801 3428 βίον.

85 3423 213 3514 Κρόνιης
233 3428 394 3535 λαβέσθαι.
417 3427 643 3513 Ποικιλώτερος
664 3430 739 3493 ταώ.
769 3461 772 3467 ·

87 3509 239 3577 Κόκνειον
260 3536 355 3598 ογσρα.
384 3512 438 3598 Τῷ
459 3512 539 3598 ὰρόιρ
560 3514 613 3595 τὴν
641 3511 780 3598 ἔγχελυν.
