2502 4218
447 355 600 452 „ffl-

61 521 227 592 Κώνωπος
249 520 366 605 ἐλέφας
387 518 482 591 Ἰνδός
505 522 562 586 οόιι
583 521 764 603 ἀλεγίίεται.

62 605 257 693 Κωφύτερύς
279 605 369 680 ἐστιν,
393 606 413 690 ή
435 603 614 693 Τορωναῖος
638 606 738 688 λιμήν.

63 693 180 777 Λαβὼν
203 689 322 758 ἀπόδος
343 689 488 773 άνθρωπε
508 692 560 754 καὶ
584 691 669 775 λήψη
692 691 794 752 πάλιν.

63 778 160 858 Λαγὼ
185 776 249 860 βίον
275 778 331 859 ζής
355 776 371 838 ό
391 775 459 858 πρὶν
481 775 616 860 ἄτρομος
638 772 728 837 λέων.

63 863 182 926 Λαλεῖν
206 859 340 945 ἄριστος,
363 858 597 927 ἀδυνατώτατος
620 858 730 940 λέγειν.

63 943 176 1027 Λέχειν
200 945 260 1028 μὲν
277 943 417 1028 αἰσχρόν,
440 945 491 1008 καὶ
514 949 670 1027 σιωπῆσαι
690 942 778 1029 βαρύ.

63 1029 170 1112 Λεπτή
190 1050 234 1097 τις
250 1028 339 1096 έλπλς
361 1025 424 1090 ἔστ’
450 1028 500 1113 ἐφ’
525 1029 564 1113 ής
584 1027 756 1113 ὀχούμεθα.
911 1033 916 1046 ’

64 1113 187 1181 Λευκδς
202 1111 390 1199 Ἀφροδίτης
413 1114 474 1197 εἰμὶ
494 1114 552 1197 γὰρ
574 1111 761 1197 περιστερός.

65 1199 194 1262 Λευκῶν
217 1196 276 1280 γὰρ
300 1195 390 1259 οὐδὲν
413 1197 538 1280 ὄφελος,
559 1197 587 1259 εἰ
612 1198 653 1280 μή
678 1198 885 1279 σκυτοτομεῖν.

65 1282 288 1367 Λεωτροφίδου
311 1281 480 1365 λεπτότερα
501 1284 552 1345 καὶ
576 1279 797 1363 Θαυμαντίδος.

67 1366 144 1429 Δίαν
168 1368 268 1450 φιλῶν
290 1368 418 1429 σεαυτόν
445 1367 506 1452 ούχ
528 1366 606 1436 ἕξεις
625 1367 723 1449 φίλον.

67 1451 164 1518 Λίθος
183 1448 404 1532 κυλινδόμενός
422 1473 457 1533 γε
506 1456 577 1521 δκος
603 1451 639 1513 ού
664 1455 756 1513 ποιεῖ.

67 1535 167 1619 Λιμήν
190 1534 319 1618 ἀτυχίας
343 1535 421 1597 ἐστὶν
447 1475 623 1619 ἀνθρώποις
644 1535 748 1620 τέχνη.

652 1618 667 1640 Υ

68 1620 159 1705 Λιμῷ
178 1617 236 1702 γὰρ
260 1618 350 1682 οὐδὲν
373 1617 452 1683 ἔστιν
476 1621 625 1683 ἀντειπεῖν
650 1641 732 1687 επος.

68 1702 180 1786 Λύγοις
203 1703 334 1788 ἀμείβου
358 1704 409 1766 τὸν
432 1703 535 1786 λόγοις
553 1703 700 1766 πείθοντα
723 1724 766 1765 σε.

69 1787 168 1870 Λόγος
187 1789 246 1872 γάρ
269 1787 332 1850 ἐστι
352 1782 514 1872 φάρμακον
539 1787 637 1870 λύπης
659 1786 762 1870 μόνον.

69 1871 188 1978 Αήχους
210 1872 267 2020 γήρ
286 1868 497 1975 Ἑρμόδωρος
511 1871 726 1957 ἐμπορεύεται.

70 1956 159 2042 Λογιρ
180 1955 222 2041 μ’Ι
255 1978 363 2024 πεισας
389 1978 543 2062 φαρμάκῳ
567 1958 748 2042 σοφωτάτῳ.

70 2040 164 2105 Λυδοὶ
184 2042 325 2124 πονηροὶ,
350 2042 439 2104 δευτε
460 2065 489 2104 οι
511 2041 537 2103 δ’
563 2040 733 2124 Αἰγύπτιοι,

112 2127 207 2210 τρίτοι
231 2126 266 2188 δὲ
291 2127 412 2189 πάντων
435 2065 538 2212 θάρες
560 2126 772 2197 ἐξωλέστατοι.

71 2208 220 2296 Λυχνεῖον
244 2210 431 2294 ἐκίητοόμεν
459 2208 593 2297 ἅψαντες
614 2211 737 2297 λύχνον.

72 2291 197 2377 Μαχάδι
216 2297 344 2377 λαλήσω
370 2297 475 2379 μικρὸν
497 2295 562 2379 ἅμα
584 2296 633 2358 σοὶ
652 2299 703 2359 καὶ
727 2295 814 2378 μέγα.

72 2379 222 2445 Μαλέαδε
242 2381 367 2464 κάμψας
391 2379 541 2443 ἐπιλάθου
564 2385 624 2442 τῶν
651 2378 767 2442 οἴκαδε.

72 2463 186 2532 Μάντις
206 2461 236 2546 γ’
262 2463 395 2547 ἄριστος,
416 2464 497 2532 ὅστις
519 2466 635 2535 εἰκάζει
655 2466 768 2531 καλῶς.

72 2546 304 2632 Μαρυανδυνῶν
330 2548 467 2632 μέμνησο
490 2548 713 2633 θρηνητηρίων.

72 2631 197 2698 Μάταια
218 2631 245 2695 τ’
269 2632 350 2696 ἄλλα
371 2634 456 2717 παρόι
480 2630 630 2717 Κρότωνα
648 2633 676 2694 τ’
701 2632 805 2696 ἄστεα.

72 2716 171 2783 Μέλει
188 2716 247 2803 γὰρ
269 2717 376 2801 ᾖσσον,
396 2719 417 2800 ή
440 2720 595 2803 χελώναις
613 2724 673 2780 τῶν
700 2721 806 2801 μυιῶν.

73 2799 159 2866 Μετὰ
183 2801 241 2885 γὰρ
264 2801 436 2867 νοσούντων
458 2805 510 2867 καὶ
532 2804 565 2865 τό
591 2803 755 2885 μαίνεσθαι
777 2798 882 2865 καλόν.

73 2884 236 2969 Μετῆλθεν
258 2887 277 2968 ἡ
297 2885 415 2969 Ἀμαία
436 2892 489 2971 τῆν
513 2886 669 2971 Ἀίησίαν.

73 2968 123 3054 Μή
149 2994 203 3054 μοι
221 2972 291 3033 ποτ’
315 2968 420 3056 έλθης,
443 2972 513 3035 όταν
536 2973 596 3054 ἐγὼ
617 2973 739 3055 πράττω
757 2972 869 3036 καλῶς.

73 3053 124 3138 Μὴ
147 3056 388 3140 μνησικακήσῃς,
416 3057 443 3119 εἰ
462 3057 498 3119 σὺ
523 3056 630 3139 Φυλήν
654 3053 832 3139 κατέλαβες.

72 3136 124 3222 Μὴ
147 3141 225 3223 πρὸς
247 3140 357 3203 λέοντα
380 3140 492 3225 δορκὰς
516 3141 636 3249 άφομαι
660 3141 769 3224 μάχης.

72 3222 125 3306 Μὴ
149 3224 292 3287 σύντονον
315 3226 419 3301 δίωκε,
442 3225 512 3309 μήτ’
536 3224 696 3308 ανειμένην

116 3309 194 3372 ίαστὶ
218 3313 348 3392 μοῦσαν,
370 3309 451 3373 ἀλλὰ
474 3308 527 3371 τὰν
550 3308 648 3393 μέσαν
667 3308 755 3370 νέων.

73 3391 125 3477 Μὴ
149 3392 182 3456 δ’
204 3391 243 3456 αύ
265 3393 286 3456 ά
306 3395 411 3478 ροίκου
435 3394 563 3478 ῥήτορος
585 3391 781 3477 καταφρόνει.

73 3475 126 3562 Μὴ
153 3482 257 3561 μεῖζον
282 3418 361 3543 έστω
384 3483 438 3542 τοῦ
462 3480 539 3545 νεὼς
560 3479 594 3541 τδ
618 3501 657 3562 φο
679 3478 752 3539 τίον.
790 3522 792 3526 »
885 3478 983 3559 [τήςί]

73 3559 125 3648 Μή
147 3562 276 3646 τούμδν,
300 3563 451 3627 ἀλλὰκαὶ
475 3563 509 3625 τό
533 3563 584 3624 σόν
609 3501 706 3648 φῦόον
732 3559 847 3625 σκόπει.
