2586 4214
506 314 657 408 —a-at—

126 478 183 539 cui
204 481 333 558 gratiam
358 482 437 540 sacri
459 503 567 541 novam
588 482 796 543 redandruans

123 564 373 627 Nefrondinosus
396 567 574 642 Esquilinus
597 569 723 642 Lucius,

124 650 220 709 Leoni
243 651 382 726 adempto
401 652 543 729 prandio,
561 653 721 728 implicans
740 654 835 726 rubis,

126 734 268 812 Segetem
291 737 405 794 vetabit
425 738 545 797 eruisse
562 739 698 799 funditus

124 820 355 887 Vastomolari
378 822 555 897 matriisque
575 823 761 899 querqueris.

126 903 226 977 Cerno
250 923 410 981 sequacem
431 907 492 964 iam
514 927 660 983 napuram
681 909 815 966 luctuum

124 991 204 1048 Mari
223 991 393 1049 trahentem
417 999 448 1049 st
467 1001 681 1051 conserentem
702 993 820 1070 patriae

125 1075 225 1135 Minas
248 1076 369 1135 feroces
392 1083 422 1134 et
443 1077 592 1137 malorum
612 1078 763 1136 incendia.

126 1162 225 1235 Atque
248 1161 363 1218 utinam
385 1161 506 1221 inlesa
528 1173 557 1220 te
580 1161 726 1222 Camillus
744 1163 847 1221 insula

125 1244 200 1304 Non
223 1255 416 1320 procreasset
436 1248 567 1306 bostium
588 1256 726 1306 nostrum
750 1249 867 1320 ducem,

127 1331 275 1407 Quartum
299 1339 398 1389 satum
421 1350 461 1390 ex
481 1333 606 1391 Atlante
629 1333 749 1393 destina
772 1334 850 1406 cori,

126 1415 204 1474 Tuis
226 1424 386 1492 parantem
410 1417 521 1474 damna
542 1419 679 1494 cognatis
698 1418 817 1495 Prylin,

128 1497 232 1578 Sagax
255 1518 390 1577 aruspex
412 1520 483 1559 vere
504 1503 543 1559 ad
564 1503 668 1561 omnia
691 1505 822 1580 optima:

126 1585 278 1660 Paterque
293 1585 388 1645 iussis
410 1588 523 1645 Aesaoi
545 1588 671 1645 fanatici

126 1670 201 1730 Non
225 1671 429 1746 improbasset
450 1672 539 1748 signa
560 1672 659 1730 noctis
683 1672 797 1742 arcula,

127 1754 270 1814 Gelasset
289 1774 351 1813 uno
372 1756 427 1814 sed
446 1756 523 1815 duos
542 1775 599 1833 pro
620 1756 719 1831 patria

126 1836 216 1913 Fato,
239 1859 384 1916 perurens
406 1843 543 1899 membra
561 1841 688 1899 Lemnio
709 1859 796 1917 rogo,

126 1925 201 1984 Non
225 1934 272 1984 tot
292 1926 442 1985 malorum
464 1945 544 1984 nunc
565 1925 701 2001 procella
723 1924 869 2003 surgeret.

126 2010 310 2071 Portumnus
336 2030 374 2069 en
397 2019 500 2069 cernet
520 2010 699 2069 nefrendem
721 2010 857 2069 carnifex

126 2096 259 2155 Fervere
281 2097 393 2173 mergis
418 2095 624 2172 spartisirpeis
648 2115 739 2154 anum

128 2180 239 2240 Glauci
260 2182 384 2238 Terenti
407 2182 563 2259 coniugem
584 2181 745 2239 Titaniam.

127 2266 194 2324 Iam
214 2266 273 2324 duo
296 2275 443 2324 necantur
465 2285 532 2323 cum
555 2274 681 2343 parente
702 2267 840 2343 pignera,

128 2351 280 2410 Humeros
304 2350 410 2408 molari
432 2351 554 2408 coclaca
578 2352 675 2408 fracto
698 2350 808 2408 Ducis:
904 2403 906 2406 .

128 2435 215 2509 Quae
237 2435 391 2494 sabulonis
415 2444 559 2510 apparata
581 2436 720 2512 fugerant

127 2521 225 2578 Vanis
247 2520 376 2595 loquelis
399 2519 479 2577 alvei
502 2520 687 2591 discrimina,

128 2605 187 2665 cui
209 2612 317 2663 cuncta
340 2603 465 2662 credens
490 2604 543 2660 ille
566 2611 662 2663 tortor
682 2603 822 2672 liberum,

128 2693 304 2768 Mergorum
328 2690 479 2760 alumnus,
507 2688 696 2765 pisculentae
717 2685 869 2761 compedis

128 2776 260 2847 Praeda,
284 2776 394 2833 ostreis
411 2774 568 2851 valgisque
588 2772 704 2831 Neritis
726 2789 841 2843 comes,

129 2861 223 2920 Fetus
247 2861 395 2937 gemellos
416 2858 505 2918 clusit
526 2878 587 2916 uno
603 2858 755 2934 -ploxeno

131 2945 268 3020 Cumque
287 2945 334 3003 his
360 2945 455 3003 miser
474 2963 537 3001 non
557 2943 662 3001 matris
685 2942 845 2999 advertens
865 2937 940 2996 deae

130 3031 300 3105 Praecepta
320 3031 477 3102 Mnamon,
503 3029 558 3087 sed
581 3037 706 3087 veterno
730 3023 872 3096 oblinire,

132 3114 257 3193 Suppus
279 3115 444 3185 recumbet,
467 3121 573 3190 pectus
598 3131 672 3172 ense
696 3110 826 3170 saucius.

131 3200 224 3260 Nunc
244 3220 324 3259 nunc
343 3199 436 3277 gemit
454 3199 584 3274 Myrina,
609 3216 689 3256 nunc
708 3193 920 3273 praesentiunt

131 3286 295 3349 Hinnitum
318 3303 459 3360 equorum
483 3283 629 3341 littorales
649 3282 813 3359 margines,

132 3371 195 3431 Ubi
216 3370 381 3447 Pelasgum
402 3369 536 3429 lubricae
556 3368 665 3427 saltum
686 3366 782 3442 pedae

131 3456 265 3514 Librans
286 3455 441 3531 crepidine
460 3453 567 3511 ultima
587 3454 721 3511 fremens
741 3452 831 3528 lupus

134 3541 243 3601 Fontis
265 3541 380 3598 creabit
402 3560 419 3598 e
442 3540 568 3600 saburra
587 3538 746 3616 gurgitem,

801 3646 841 3707 22
