2532 4216
687 314 729 376 ld

249 475 337 535 Nam‘
355 478 417 537 siut
437 496 487 550 ne,
509 479 634 551 ciccum,
656 499 712 539 nec
734 500 784 554 ne,
804 503 863 541 non
883 486 1045 545 intordaim
1069 517 1111 531 —
1159 520 1164 531 .

249 561 300 618 Illi
320 562 421 638 igitur,
443 563 575 637 inquam,
596 583 650 623 seu
670 565 794 638 Poetae,
817 569 882 627 sive
905 590 975 644 non,

250 644 332 707 Satis
356 648 513 707 modorum
537 649 710 726 diligentes,
733 661 864 711 ceterum

251 729 426 791 Sermonem
445 734 548 809 iniquo
567 735 722 810 pensitant
743 740 893 797 examine
927 784 947 820 ι

249 815 450 892 Lasciviaque
469 838 530 876 non
554 818 689 891 ferenda,
711 823 807 879 nescii

250 901 319 976 Qua
340 903 434 978 prisci
456 903 580 962 honoris
601 913 687 979 parte
709 916 847 965 servetur
867 916 967 981 tenor,

250 984 337 1044 Graii
357 988 492 1047 cothurni
515 988 656 1060 nobilem,
676 999 786 1062 catam,
811 1012 944 1069 gravem,

249 1069 356 1129 Tubae
380 1073 476 1130 virilis
496 1074 661 1131 intonatam
681 1074 865 1149 iacentibus,

248 1155 361 1215 Nervis
377 1157 508 1214 adultam
533 1167 562 1215 et
584 1159 698 1217 viribus
721 1159 926 1238 Tragoediam

248 1240 455 1299 Deartuarunt
474 1260 545 1299 voce
566 1243 719 1319 languifici
739 1248 806 1303 soni

250 1325 405 1386 Orationis
429 1345 562 1403 nuperae
582 1328 726 1401 novitiae,

249 1408 326 1471 Stilo
347 1410 480 1485 pedestri
502 1421 533 1468 et
552 1412 707 1470 femininis
729 1413 858 1472 naeniis.

247 1493 475 1555 Homunciones
496 1496 552 1552 hoc
572 1498 725 1556 venustuli
743 1507 773 1556 et
794 1498 853 1555 cati

248 1577 314 1638 Sibi
337 1580 486 1652 videntur,
508 1581 565 1638 hoc
588 1583 669 1639 beati
691 1601 727 1640 ac
748 1584 870 1654 divites,

248 1662 428 1740 Suadaeque
448 1665 563 1723 alumni
582 1675 613 1724 et
635 1668 760 1725 Venerii
784 1668 934 1745 nepotuli:

246 1750 392 1830 Adeoque
414 1750 548 1825 positum
571 1752 618 1810 vel
639 1753 698 1810 sibi
717 1752 749 1810 in
772 1753 871 1812 medio
894 1759 1003 1829 putant

246 1833 420 1892 Tractanda
442 1836 473 1892 in
497 1844 560 1895 arte
581 1838 700 1895 Musica
719 1838 908 1914 palmarium.

289 1923 330 1977 At
344 1917 517 1977 Gratiarum
536 1930 641 1995 pectus
661 1923 845 1995 abstrusum,
863 1923 1007 1998 optimus,

245 2003 344 2063 Docte
365 2004 530 2080 expolitus,
550 2015 640 2081 atque
662 2007 828 2064 liberaliter
922 2068 928 2076 ,

245 2089 415 2147 Instructus
439 2089 520 2146 omni
540 2090 695 2148 literarum
721 2091 817 2168 copia,

244 2174 345 2231 Poeta
363 2180 470 2235 noster
491 2174 571 2235 inter
593 2175 650 2235 hos
670 2174 803 2235 medium
821 2175 902 2235 ferit.

245 2258 389 2315 Veterum
413 2277 510 2333 neque
532 2259 579 2316 illi
601 2260 714 2337 ignava
733 2261 920 2338 negligentia

244 2340 361 2415 Placet,
381 2351 433 2400 aut
453 2363 597 2401 novorum
619 2346 747 2404 obscura
769 2336 935 2423 diligentia.

244 2428 366 2486 Florem
388 2428 502 2504 leporis
525 2428 675 2502 Scaenici,
697 2440 787 2506 atque
807 2432 953 2504 Musicae,
977 2458 981 2469 ·

184 2530 186 2535 ’
245 2512 381 2587 Utroque
404 2515 538 2574 numeris
560 2517 740 2592 temperavit
761 2525 793 2574 et
814 2517 893 2589 stilo,

246 2597 362 2655 Priscis
388 2598 495 2657 Poetis
518 2601 654 2672 comtior,
677 2602 785 2661 melior
803 2602 901 2661 novis.

286 2681 376 2740 Nunc
395 2702 464 2760 ego,
486 2684 558 2759 quid
570 2686 688 2758 adsum,
706 2705 834 2762 quamve
849 2705 913 2744 rem
926 2684 1006 2755 veni,
1021 2681 1157 2759 eloquar.

243 2767 356 2825 Favete
378 2767 491 2845 linguis
513 2790 580 2842 vos,
602 2780 632 2829 at
651 2773 785 2830 animum
808 2771 967 2829 advortite.

244 2851 391 2910 Desmota
414 2852 532 2912 Graeca
555 2866 602 2914 est
622 2857 774 2933 Aeschylu
797 2854 983 2933 Tragoedia3

243 2937 343 2995 Poeta
362 2947 465 2998 noster
488 2942 577 2999 vertit
597 2942 681 2999 illam
700 2942 841 2999 barbare:

244 3022 393 3097 Illamque
412 3025 543 3101 opimam
567 3036 597 3083 et
615 3029 737 3084 uberem
758 3025 929 3083 facundiam

140 3179 143 3185 Ι
244 3108 467 3184 Et'scriptione
490 3121 536 3170 est
557 3119 716 3169 assecutus
740 3117 770 3166 et
793 3110 880 3169 stilo:

245 3191 285 3252 Ut
308 3212 345 3252 nc
367 3196 439 3272 quid
462 3196 537 3254 inibi
559 3196 660 3272 possit
681 3195 845 3252 invenirier

243 3279 355 3338 Errore
378 3281 535 3353 omissum,
558 3280 623 3339 sive
643 3279 880 3355 perperitudine.

244 3362 333 3422 Hanc
352 3384 423 3443 ergo
443 3365 527 3424 vobis
545 3363 678 3422 fabulam
701 3383 717 3421 e
739 3372 841 3422 vetere
862 3380 972 3421 novam

244 3450 387 3527 Adporto.
409 3457 523 3507 tantum
546 3457 602 3508 est.
624 3467 680 3507 vos
702 3449 802 3507 valete
823 3456 853 3505 et
875 3447 975 3505 vivite.
