2586 4214
622 346 773 441 *Q-

243 513 373 592 Indigna
396 500 500 572 eorum
521 514 603 578 facta
622 534 692 575 aare
713 516 809 574 ultum
828 516 934 592 probe.

174 599 226 653 305
242 599 291 659 Ad
310 605 383 658 nota
403 618 522 659 rursum
541 607 621 658 tecta
644 600 812 678 regreditur
832 600 970 678 gradum:

243 682 442 759 Tandemque
465 686 575 745 mentis
596 686 627 743 in
651 692 833 761 potestatem
855 684 943 743 redit.

243 768 286 828 Ut
305 769 393 828 novit
410 788 529 827 omnem
551 789 653 830 errore
675 770 857 846 completam
880 770 1015 843 domum,

242 853 387 913 Frontem
404 854 485 929 ferit,
504 855 636 930 quiritat,
658 854 690 912 in
710 855 926 914 commiscuam

242 938 409 998 Iacentium
431 958 465 998 se
486 938 610 1017 proiicit
631 947 763 1017 stragem
785 959 919 1017 gregum,

174 1025 227 1080 310
243 1025 335 1083 Manu
354 1024 538 1100 prehensam
558 1025 723 1083 identidem
746 1025 887 1084 scindens
913 1043 1049 1084 comam:

212 1113 216 1125 ’
241 1108 364 1184 Diuque
384 1117 467 1168 muto
491 1110 624 1169 mustitit
646 1109 778 1169 silentio.

242 1194 362 1252 Exinde
384 1194 491 1271 gravia
512 1195 711 1253 comminatus
734 1202 782 1253 est
803 1194 886 1267 milri,

242 1277 286 1337 Ni
307 1279 494 1337 edisseratur
513 1299 613 1352 omne,
636 1279 779 1357 quicquid
799 1287 848 1338 est
868 1278 951 1336 mali.

242 1364 289 1421 Ac
306 1369 390 1422 esset
408 1363 441 1420 in
461 1383 533 1438 quo,
556 1365 776 1437 sciscitabatur,
798 1371 888 1422 statu.

175 1452 226 1506 315
243 1445 303 1506 His
324 1448 472 1520 territata,
495 1467 617 1526 quoque
636 1457 723 1527 gesta
745 1449 786 1507 sit
805 1448 908 1520 ruodo,

242 1531 283 1590 Et
304 1551 362 1607 quo
385 1533 518 1591 sciebam
537 1534 594 1592 rite
615 1554 680 1592 rem
698 1534 801 1611 pando
825 1534 940 1592 ordine.

244 1615 331 1676 Tune
348 1617 416 1695 ipse
437 1626 561 1693 questus
582 1638 721 1695 rumpere
744 1618 914 1690 eiulabiles,

242 1701 324 1760 Huic
342 1703 429 1779 prius
450 1704 590 1777 inausoa,
612 1712 701 1781 atque
724 1704 876 1764 inauditos
900 1702 991 1760 mihi:

242 1786 396 1867 Expetere
418 1789 497 1848 tales
517 1809 637 1864 nanque
659 1793 804 1849 censebat
827 1807 916 1848 sonos

176 1872 228 1928 333
244 1872 408 1950 Ignavitati
427 1875 550 1948 mentis,
573 1882 662 1949 atque
682 1875 845 1934 imbelliae.

240 1956 281 2016 Et
303 1976 379 2017 voce
400 1976 544 2034 parcens,
569 1966 659 2033 atque
680 1960 822 2018 lamentis
840 1959 940 2035 prins,

187 2042 197 2071 ⁹
243 2040 382 2101 Gemitus
396 2044 564 2118 premebat,
588 2052 691 2103 taurus
714 2053 747 2103 ut
767 2045 864 2121 mugit
883 2044 980 2103 ferox.

242 2125 333 2183 Nunc
356 2127 412 2184 hoc
430 2128 536 2202 iniquo
558 2129 738 2189 consututus
760 2130 793 2188 in
814 2136 905 2201 statu,

243 2210 280 2269 In
300 2219 401 2289 strage
420 2230 576 2288 pecorum,
597 2212 718 2273 Cereris
743 2222 773 2273 et
791 2214 905 2272 Bacchi
925 2231 1045 2287 carens,

174 2306 227 2361 335
245 2296 400 2370 Ferroqne
420 2298 520 2357 caesis
539 2300 682 2377 gregibus
703 2300 826 2357 incubat
845 2299 972 2358 sedens:

242 2383 288 2440 Ac
309 2382 415 2440 nescio
437 2384 519 2457 quod
541 2384 660 2443 facinus
683 2391 841 2461 occoeptat
860 2403 961 2462 grave.

243 2466 337 2526 Tales
360 2469 492 2542 querelis
512 2469 621 2528 miscet
642 2470 784 2528 eiulitans
808 2488 911 2528 sonos.

242 2557 284 2611 At
300 2571 367 2624 vos,
389 2553 489 2626 amici,
511 2572 632 2630 nanque
654 2574 690 2612 ea
711 2574 760 2612 me
781 2554 879 2631 gratia

242 2636 312 2695 Huc
331 2638 455 2711 contuli,
473 2640 526 2712 ite,
548 2640 624 2697 ferte
646 2659 745 2715 opem,
768 2639 918 2712 tutamini,

172 2731 227 2785 330
243 2721 364 2780 Faciles
385 2724 491 2782 amicis
512 2732 585 2782 sunt
603 2724 693 2782 amici
712 2724 830 2782 eimedi.

241 2803 297 2866 ch.
337 2806 469 2884 Indigna
489 2827 560 2867 vero
585 2810 670 2882 mihi,
694 2809 885 2867 Teleutantis
910 2824 1016 2884 genus,

238 2891 438 2967 Proloqueris
458 2894 612 2952 hominem
633 2894 861 2971 expectorarier
881 2892 979 2951 malis.

241 2977 291 3036 Αἰ.
335 2977 408 3051 Hei,
431 2978 495 3036 hail

241 3060 314 3120 Teo.
359 3062 439 3136 Quin
461 3082 541 3121 nunc
563 3064 661 3141 magis
682 3064 808 3122 videtur.
831 3083 870 3122 an
890 3059 1057 3123 sentiscitis

172 3156 225 3211 3³5
243 3144 326 3219 Quas
349 3147 448 3205 fundit
467 3148 548 3207 Aiax
566 3168 617 3206 ore
632 3167 725 3207 voces
744 3148 860 3208 flebili?

240 3232 290 3292 Αἰ.
336 3231 409 3306 Hei,
429 3233 494 3292 hei!

241 3314 297 3375 ch.
339 3318 460 3389 Mirum,
481 3317 514 3375 ni
534 3319 626 3377 homo
650 3327 702 3376 aut
723 3325 871 3397 aegrotat,
894 3326 946 3376 aut
964 3316 1139 3390 offenditur,

240 3403 342 3461 Morbi
362 3403 476 3478 prioris
498 3404 694 3479 poenitudine
714 3405 835 3463 anxius.

240 3486 289 3547 Αἱ.
334 3487 396 3545 Hei
417 3507 505 3564 puer,
527 3488 578 3545 hei
597 3491 688 3565 pueri

167 3583 224 3643 ,340
241 3570 314 3632 Teo.
339 3571 408 3630 Heu
416 3572 606 3648 miseraquid
615 3575 724 3659 agam?
736 3583 777 3646 ta,
783 3574 1048 3650 puto,Euryaaces
1061 3579 1158 3632 vocat.
