2560 4216
631 322 783 422 ἐκε-

253 539 259 548 -
337 490 458 576 Μοῖραν
482 490 703 567 ὑποπτεόοντα,
726 490 794 576 βίου
816 486 971 572 θέλγητρα
992 486 1156 572 προέσθαι

252 574 289 641 Ε.
333 575 527 661 Ἄμφίβολον
551 576 601 638 διὰ
623 579 749 660 πρᾶγμα
766 575 993 674 χολωσάμενος
1016 573 1059 656 μὴ
1077 570 1166 657 ἔριζε.

288 708 292 716 -
339 659 445 744 θυμὸς
468 661 651 744 ἐπιπροσθεῖ
671 665 715 745 τῷ
737 682 781 744 νῳ
805 663 858 721 τοῦ
871 658 897 720 τ’
917 658 1044 741 ἀτρεκὲς
1054 656 1169 741 ἀθρεῖν.

254 768 281 815 ς.
313 796 317 805 .
335 745 454 808 Αὐτίκα
471 746 508 828 δὴ
525 745 713 828 δαπάνησον,
731 743 802 806 όταν
818 742 856 805 τὰ
867 741 1021 826 πράγματ’
1042 738 1169 824 ἀπαιτῇ.

341 831 400 892 Δεῖ
419 829 496 892 κατὰ
518 831 553 893 τδ
570 835 686 914 χρεῖος,
708 830 760 892 καὶ
781 829 832 891 τὸν
855 825 960 910 καιρόν
973 850 1001 889 τι
1012 830 1170 911 χορηγεῖν.

255 910 296 977 Ζ..
340 910 404 977 Τοῦ
415 915 469 998 μὲν
477 913 553 997 ἄγαν
565 913 695 998 ἀπέχου.
706 910 774 976 Τῦν
784 909 814 973 δ’
824 909 863 974 αῦ
874 911 1004 995 μετρίων
1017 911 1171 994 ἐπεθύμει.

252 1050 255 1055 .
340 996 391 1062 Ἑν
417 998 497 1083 βαιῷ
515 1004 647 1083 ποταμῷ
666 998 724 1081 γὰρ
748 997 989 1078 ἀκινδυνότερος
1011 996 1028 1057 ό
1053 996 1161 1063 πλοῦς.

253 1079 294 1145 Η.
333 1080 392 1146 Ὠν
417 1084 513 1158 αἰδώς
535 1082 565 1144 σ’
582 1084 673 1167 αἱρεῖ,
693 1082 769 1149 τάδε
793 1082 833 1164 μὴ
856 1081 1006 1143 κοίνωσον
1028 1080 1172 1185 ἑταίροις,

277 1216 280 1223 .
340 1165 392 1250 Μὴ
406 1167 536 1235 πλέονες
548 1166 741 1251 μέμφονται,
751 1165 826 1249 ὅπερ
840 1163 924 1250 μόνῳ
937 1163 1172 1247 οῦσοιάρεσκει
1272 1158 1274 1225 ἒ

256 1251 294 1316 Θ.
343 1248 422 1320 Τοθς
443 1252 585 1336 άλιτροθς
606 1252 646 1334 μὴ
671 1249 738 1313 οἴου
764 1251 969 1331 άλιτροσυνῶν
985 1270 1013 1309 τι
1030 1246 1173 1311 όνασθαι.
1273 1316 1274 1325 γ

342 1334 525 1419 Πταίσματα
539 1341 584 1420 τῷ
597 1358 630 1398 τε
645 1334 751 1420 χρόνῳ
767 1331 1040 1418 ἐλάθοντο,χρόνῳ
1054 1333 1084 1394 τ’
1100 1333 1173 1417 ἐφά-
1272 1352 1274 1367 ⁴

257 1419 280 1483 l.
327 1418 528 1482 .Ἠπεδανοῖο
546 1421 626 1503 ωυὴν
641 1421 673 1503 μ’
698 1420 865 1502 σωματίοιο
881 1420 996 1488 κάκιζε.
1052 1422 1173 1501 [νησαν.

344 1487 558 1588 (ῙὶροιδμοσόνῳΙ
568 1445 772 1589 προβέθηκεν,
783 1504 843 1588 ότῳ
853 1502 943 1607 φόρις
955 1503 1011 1565 οὐκ
1023 1501 1114 1585 ἔπορ’
1124 1503 1174 1564 ἀλ-

868 1610 935 1650 κν.

254 1672 313 1737 JA.
336 1670 395 1737 Ὃν
411 1677 465 1735 σεῦ
484 1670 624 1735 άκιδνότε
644 1694 678 1734 ον
697 1671 805 1749 νοέεις,
823 1612 910 1757 τῷδθ
931 1670 987 1733 εῖκ’
1005 1670 1049 1732 ἐνὶ
1064 1673 1173 1754 καιρῷ.
1273 1664 1274 1733 λ

346 1756 489 1863 [lomois
501 1759 529 1835 ,ό
553 1695 687 1840 νικηθεὶς
708 1758 759 1820 τδν
781 1757 946 1840 νικήσαντα
967 1755 1115 1838 κράτησε.
1273 1742 1274 1755 ’

256 1836 312 1906 lss.
338 1838 528 1927 Ἃψιμαχοις
550 1841 674 1904 ἐπέεσσι
698 1842 738 1924 μὴ
763 1840 962 1923 άντιλόγησον
984 1840 1109 1924 ἑταίρῳ.
1273 1896 1274 1923 3

343 1923 394 1995 Ἐξ
418 1927 528 2008 ὀλίγων
554 1925 660 2008 μόθων
686 1927 804 2010 μεγάλη
822 1926 898 1987 ποτὲ
921 1926 1006 2006 δῆρις
1031 1924 1157 2007 ὀρώρει.
1273 1926 1274 1935 ’

260 2008 308 2074 ΙΓ.
344 2008 460 2094 Κλήρῳ
482 2009 668 2092 ἐρευνᾶσθαι
690 2011 720 2072 τί
737 2011 811 2077 θεὸς
827 2009 999 2093 τεκμαίρετ’
1026 2006 1154 2070 ἀλεόου.

338 2089 424 2156 Ὅττι
445 2093 502 2176 γὰρ
527 2094 561 2161 ὃς
582 2095 652 2178 περὶ
673 2099 728 2156 σοῦ
748 2093 877 2170 τελέσει,
894 2093 946 2156 σέο
959 2093 1057 2177 χωρὶς
1071 2093 1174 2175 ὁρίζει.

261 2178 310 2242 ΙΔ.
347 2179 400 2259 Μὴ
425 2177 540 2262 φθόνον
566 2178 601 2241 ἐκ
622 2181 753 2261 κομιδῆς
768 2179 932 2262 περιέργου
950 2200 999 2240 σοι
1011 2178 1121 2260 περιάί
1153 2198 1175 2253 ς,

343 2262 398 2330 Ὡς
411 2263 466 2345 κῆν
479 2263 519 2346 μὴ
535 2264 640 2348 βλάψῃ
656 2264 694 2340 τὶ,
704 2263 807 2349 φέρειν
820 2265 856 2346 γὲ
865 2262 919 2346 μέν
931 2262 1010 2324 ἐστιν
1027 2261 1110 2346 ἐπαχ
1140 2250 1176 2329 ’ᾗ

257 2345 311 2414 ΙΕ.
343 2345 594 2431 Καρτεροθόμως
619 2351 741 2432 τλῆσον,
763 2348 816 2410 ἐὰν
839 2348 953 2416 ἀδίκως
975 2346 1176 2429 κατακριθῷς·

347 2429 392 2496 Οὐ
417 2433 472 2515 δὴν
494 2431 664 2516 γαυριόωσι
684 2437 772 2517 κριτγῖ
790 2437 932 2499 νικῶντες
954 2430 1095 2515 άθέσμῳ.
1273 2446 1274 2477 ι

262 2518 308 2588 lc.
346 2518 400 2600 Μὴ
420 2518 472 2599 τὴν
494 2516 649 2600 λοιδορίην
675 2517 776 2602 ἔριδος
796 2516 964 2600 προένεγκε
983 2517 1130 2583 παλαιοῖς.

439 2607 455 2620 Ν

262 2685 301 2752 ΙΖ
344 2600 974 2750 Ιῷῷὶεμνῳσθοιιδέκότοιο,κακόφρονόςέστι,
983 2598 1043 2682 μετ’
1052 2598 1177 2684 ἔχθραν.
1272 2610 1274 2655 1

304 2732 311 2748 .
421 2710 437 2748 τ

347 2711 446 2834 Τόῦτο
459 2773 536 2854 πρὸς
546 2770 725 2854 ἀφραδέων,
735 2769 997 2853 οθςοίστρεῖδόξα
1004 2767 1177 2853 κενόφρων.

262 2853 315 2923 lH.
348 2856 534 2919 Φείδουτῶν
542 2856 690 2935 κτεάνων,
704 2857 848 2918 δαπανῶν
857 2854 902 2918 ότι
914 2854 1036 2936 πλῆθος
1049 2852 1177 2936 ἐπιρρεῖ.

343 2938 396 3004 Ἐν
422 2945 539 3025 μακρῷ
552 2941 585 3003 τὸ
606 2940 778 3023 πορισθὲν,1
789 2940 903 3011 δλίζονι
924 2938 955 3000 ἐν
968 2937 1073 3023 χρόνῳ
1086 2936 1177 3022 ἔρρει.

263 3024 315 3089 ΙΘ.
342 3023 1177 3109 Ἂφρωνγίνου,όταντότεπράγμ’ότεκαιρδςάπαιτῇ.

345 3109 543 3194 Ἀφροσόνης
566 3109 722 3192 ἐπίκαιρος
745 3107 910 3194 ὑπόκρισις,
933 3107 996 3170 ἐστὶ
1020 3105 1178 3190 φρόνησις.

259 3192 302 3258 K.
344 3194 550 3278 Ἀμφότερον,
562 3195 614 3257 καὶ
631 3191 843 3278 σμικρολόγος,
857 3195 908 3255 καὶ
921 3191 1043 3257 ἄσωτος
1056 3191 1177 3255 άκοόειν

259 3324 263 3331 -
350 3280 463 3361 Φεῦγε.
486 3278 557 3341 τάδ’
581 3276 676 3361 ἄμφω
701 3279 787 3360 ὁμῶς
807 3277 930 3362 εόδοξίγγ
953 3275 1168 3339 ἀντιπέπονδε.

263 3363 332 3429 ΚΑ.
349 3361 401 3446 Μὴ
422 3364 582 3426 πίστευσον
607 3362 656 3424 ἀεὶ
678 3361 723 3446 τῷ
744 3361 970 3444 άπαγγέλλοντί
989 3380 1038 3422 σοι
1061 3359 1147 3423 ἄττα.

350 3448 408 3509 Δεῖ
427 3448 484 3531 γὰρ
504 3445 655 3511 πιστεύειν
681 3447 783 3528 ὀλίγον
805 3449 869 3515 τοῖς
889 3444 991 3508 πολλὰ
1016 3445 1158 3507 λαλοῦσι.

167 3590 170 3598 .
265 3530 333 3596 ΚΒ.
344 3529 400 3594 Ἦν
414 3555 441 3593 τι
462 3530 543 3615 μέθγ
567 3531 707 3614 πταίσῃς,
733 3530 819 3593 οῦτοι
843 3529 1023 3613 σό[γ]γνωθι
1047 3532 1177 3614 σεαυτῷ.

481 2686 507 2747 ε’
532 2686 724 2764 ἐπαίνεσσον,
749 2686 822 2769 μήτ’
846 2683 1038 2767 αόθιςψέξον
1054 2681 1175 2746 ἑαυτόν.
1273 2730 1274 2741 ,
