2502 4218
458 319 607 414 —iid—

88 478 265 542 Securitatis.
288 482 348 542 Hie
369 495 489 546 veretur
506 489 645 565 perdere,

88 564 129 622 Tu
146 567 192 627 vis
212 568 334 626 habere.
355 567 465 648 Cogita
487 583 601 649 quanto
626 575 723 633 minor

86 648 234 711 Habuisse
254 673 408 731 nunquam
430 658 469 715 sit
488 658 587 731 dolor,
610 677 699 734 quam
722 660 859 738 perdere.

86 819 111 877 8.
152 824 271 882 Avarus
295 831 386 897 atque
406 826 563 904 prodigus,
584 831 731 906 pecuniae

86 900 155 967 Sunt
174 909 264 969 ambo
287 909 385 985 egeni.
406 908 558 989 Prodigus
577 916 737 991 pecuniam

85 989 150 1057 Mox
172 1011 230 1049 uon
250 993 382 1051 habebit.
405 1004 454 1054 ast
473 1015 582 1058 avarus
605 1018 758 1076 nunquam
780 1000 879 1059 habet.

12 1222 13 1239 χ
85 1155 109 1216 9.
148 1157 349 1236 Quaecunque
369 1164 401 1221 in
423 1182 494 1223 arca
515 1167 618 1243 condit
638 1179 781 1247 aggestas
805 1182 881 1245 opes

12 1278 13 1289 η
84 1244 206 1318 Avarus,
226 1247 295 1305 aliis
313 1248 448 1321 abstulit,
473 1259 563 1328 negat
587 1255 654 1311 sibi.

12 1374 13 1387 ,
84 1325 239 1390 Fraudavit
259 1332 351 1405 alios,
379 1353 472 1408 seque
496 1336 617 1395 fraudat
638 1339 786 1397 ultimum.

12 1574 14 1581 J
89 1495 130 1555 10.
174 1501 274 1578 Opum
294 1503 469 1562 redundans
490 1505 584 1580 rivus,
610 1514 639 1564 et
663 1509 851 1585 superfluens
911 1565 916 1577 ,

85 1580 201 1644 Liuente
218 1587 305 1659 luxu,
328 1589 465 1649 moribus
489 1590 568 1667 frugi
590 1600 686 1653 uocet.

85 1664 170 1728 Duris
193 1680 314 1749 egestas
337 1674 416 1750 cogit
436 1675 469 1732 in
490 1676 583 1733 rebus
605 1677 700 1734 bonos

85 1749 200 1814 Patrare
221 1757 323 1821 famae
344 1778 406 1817 nou
428 1759 539 1817 deeora
560 1760 716 1834 pristinae.

86 1834 144 1896 Viri
164 1842 244 1900 beati
264 1842 327 1903 vita
347 1843 497 1920 castigate
517 1844 558 1902 sit

85 1919 121 1981 Ut
139 1945 200 1984 nou
219 1946 326 2005 egena,
351 1929 395 1986 sic
416 1947 530 2005 egenae
550 1930 700 2006 proxima.
813 1958 816 1963 <

12 2112 13 2127 ¹
89 2091 130 2150 11.
170 2095 270 2156 Stulta
292 2106 339 2155 est
360 2094 482 2173 cupido,
501 2117 579 2174 quae
599 2099 664 2159 dies
687 2099 798 2177 longos
820 2100 894 2173 sitit,

86 2175 120 2234 Et
136 2180 296 2256 plurimum
320 2184 390 2241 aeri
407 2183 555 2259 plurimas
579 2185 658 2242 vitas
680 2191 775 2260 putat.

86 2259 148 2322 Nou
169 2285 262 2343 saepe
284 2267 396 2339 vivere,
414 2275 445 2325 at
464 2269 542 2327 mori
565 2269 668 2326 datum
689 2277 737 2328 est
756 2268 861 2329 semel.

87 2344 205 2409 Centum
225 2360 364 2417 seneetas
387 2352 471 2411 mille
491 2353 582 2411 seolis
606 2373 728 2430 aggere,

86 2429 120 2490 Et
136 2436 217 2495 mille
240 2438 307 2496 vive
326 2436 495 2497 Nestoras:
517 2438 671 2496 dementia
695 2446 743 2496 est

12 2546 13 2583 ς
86 2515 189 2579 Putare
208 2522 319 2581 multas
342 2541 437 2598 posse
460 2522 537 2581 ritas
557 2523 670 2596 vivere,

12 2588 13 2613 ¹
86 2606 139 2662 Aut
158 2608 261 2666 vivere
280 2607 384 2680 ullam,
405 2615 524 2683 praeter
546 2608 624 2665 hane
646 2626 736 2683 quam
756 2606 927 2683 perdimus:

12 2730 13 2739 t
86 2688 139 2747 Aut
157 2692 286 2770 perdere
303 2691 408 2765 ullam,
430 2700 550 2769 praeter
568 2694 647 2750 hano
669 2711 760 2768 quam
780 2692 918 2752 vivimus.

12 2852 13 2885 ³
90 2856 131 2916 12.
166 2861 309 2920 Formido
331 2862 437 2921 mortis
459 2869 556 2921 morte
575 2863 673 2939 peior.
698 2882 762 2921 nou
782 2869 867 2940 potes

87 2939 183 3007 Vitare
206 2954 341 3019 mortem,
365 2947 420 3006 sed
437 2955 524 3023 potes
548 2955 747 3006 contemnere.

393 3034 476 3091 Idem
499 3033 672 3103 Praetores.

86 3106 218 3172 Pellidae
239 3114 368 3177 formido
388 3118 495 3177 mortis
513 3118 583 3194 ipsa
602 3124 700 3175 morte
721 3115 809 3192 peior
828 3120 884 3172 eat.

87 3193 150 3259 Non
171 3210 262 3277 potes
282 3202 378 3258 vitare
397 3210 536 3275 mortem,
567 3202 622 3262 sed
643 3209 733 3276 potes
755 3206 957 3258 oontemnere.
1044 3202 1046 3206 “
1152 3206 1161 3225 ’

338 3373 386 3431 13.
433 3371 560 3435 Haeduo
582 3371 739 3429 Raozovio.

87 3445 175 3512 Nulla
197 3473 269 3533 ergo
290 3456 384 3517 flendi
404 3463 485 3517 meta
506 3464 567 3515 tam
587 3474 696 3518 earum,
709 3450 820 3530 eaput?

88 3530 146 3599 Neo
166 3541 230 3599 ulla
249 3541 319 3603 finis
341 3541 543 3613 lacrimarum,
563 3558 620 3599 nae
636 3539 757 3619 pudor?

770 3648 790 3706 8
