2586 4214
518 338 669 434 Lm—

134 506 279 573 Moerore
297 504 395 569 donec
417 505 558 582 gaudium
580 508 792 571 interuoveris.

134 589 222 664 Quod
247 597 430 661 assecutum,
453 592 551 666 qualis
575 612 614 653 ex
634 594 718 668 quali
738 603 825 672 patre

134 673 228 739 Satns
252 693 297 748 es,
318 682 348 732 te
372 683 489 750 oportet
510 678 664 754 specimen
685 679 816 739 inimicis
839 682 920 743 dare.

134 762 177 819 At
195 759 316 819 interim
336 759 416 825 auris
440 762 569 822 vescitur
586 763 716 838 levibus,
736 765 823 827 alens

134 846 270 904 Mentem
290 845 451 919 novellam,
473 847 584 924 volupe
606 849 715 909 matris·
732 851 884 928 gaudium.

134 928 236 989 Nemo
257 938 288 988 te
310 931 459 989 Achivum
484 932 627 992 differens
647 935 769 1011 probris
790 936 890 1008 malis,

134 1014 238 1074 Torve
256 1015 436 1092 increpabit,
455 1017 505 1075 vel
524 1018 595 1076 licet
616 1037 721 1079 careae
742 1021 813 1083 mei.
870 1042 874 1049 ’

135 1100 243 1158 Talem
264 1100 432 1175 relinquam
453 1102 614 1161 ianitorem
634 1122 832 1180 acerrumum,

134 1184 364 1261 Alimoniaeque
385 1187 557 1263 praesidem
579 1188 729 1249 Teucrum
752 1190 822 1249 tibi:

136 1268 171 1330 Si
191 1269 312 1346 quidem
333 1271 361 1330 is
384 1272 496 1330 redibit
512 1272 642 1331 hostium
662 1274 804 1334 insessor
822 1278 934 1353 procul.

134 1355 204 1429 Ast,
225 1374 244 1412 o
266 1356 389 1415 sodales
411 1357 544 1430 armites,
566 1359 683 1416 marina
705 1378 793 1437 gens,

70 1460 75 1471 ¹
134 1440 281 1499 Mandata
301 1441 427 1517 primum
448 1462 527 1500 nunc
548 1462 689 1520 suprema
711 1452 741 1502 et
763 1464 820 1504 vos
841 1466 909 1506 mea

39 1550 43 1557 ·
135 1524 283 1600 Accipite,
307 1534 337 1591 et
353 1525 400 1583 illi
421 1527 597 1587 nuntiantes
618 1529 749 1587 reddite:

135 1609 231 1668 Istum
256 1611 390 1686 puellum
414 1613 504 1671 ducat
526 1613 565 1669 ad
587 1613 668 1673 lares
693 1632 790 1686 meos,

133 1694 268 1753 Eriboea
287 1703 320 1753 nt
341 1695 426 1755 illum
448 1697 560 1770 videat,
580 1705 610 1755 et
632 1697 759 1756 Telamo
779 1706 877 1776 pater,

133 1779 175 1838 Et
195 1779 239 1838 eis
262 1788 404 1839 senectae
426 1782 513 1840 dulce
533 1782 665 1843 lenimen
687 1783 762 1855 fuat,

135 1864 195 1922 Vel
217 1864 312 1924 donec
333 1866 406 1927 Orci
428 1875 506 1924 tecta
528 1867 590 1925 sint
611 1868 692 1925 nacti
712 1867 812 1926 inferi.

136 1948 201 2009 Ulli
225 1967 283 2008 nec
305 1970 389 2009 arma
409 1952 627 2026 praemiatoree
650 1971 718 2010 mea

133 2032 278 2093 Ponunto
300 2037 436 2110 Achivis,
458 2057 515 2096 nec
535 2057 635 2101 meum
657 2057 797 2116 magnum
819 2038 939 2097 malum.

134 2120 175 2178 At
200 2119 268 2196 ipse
288 2140 361 2180 vero
380 2122 544 2200 Eurysace,
564 2132 597 2181 tn
619 2123 833 2201 cognominem,

133 2204 174 2263 Et
192 2205 366 2265 crebriloris
388 2208 538 2283 pensilem
560 2210 687 2268 amentis
709 2216 837 2284 quatere
1046 2209 1098 2264 575

133 2290 299 2366 Apprende
308 2291 445 2368 clypeum
455 2293 533 2351 hunc
546 2312 753 2371 praegravem,
763 2300 794 2350 et
807 2293 1045 2370 septemplicem.

99 2418 101 2424 ι
136 2373 199 2434 Sed
224 2394 309 2433 arma
329 2395 446 2435 mecum
465 2386 692 2437 concremantur
716 2385 844 2435 caetera.

133 2457 221 2519 Heus
244 2468 276 2518 tu
298 2461 466 2538 properiter
486 2462 625 2521 manibus
647 2463 727 2520 huuc
748 2478 873 2537 puerum
897 2478 984 2537 cape,

133 2544 174 2603 Et
190 2545 312 2604 ianuam
332 2547 421 2619 obde,
440 2546 582 2622 nullaque
598 2548 649 2604 hic
671 2546 773 2622 palam
792 2545 859 2602 iace

133 2629 292 2689 Lamenta.
314 2632 402 2689 valde
421 2639 469 2690 est
487 2632 610 2689 fletuum
630 2631 738 2688 mulier
760 2630 879 2689 lubens.
1046 2633 1099 2688 580

134 2714 230 2790 Operi
250 2716 355 2789 forem,
378 2717 509 2791 inquam.
530 2717 611 2774 haud
632 2717 710 2775 bene
729 2715 854 2774 medens
867 2733 901 2777 ee
914 2715 1048 2793 postulat

135 2796 265 2859 Carmen
288 2802 421 2861 secando
442 2802 562 2859 vulneri
583 2802 802 2861 ineantaesere.

134 2882 191 2943 Oh,
229 2885 462 2963 Properantiam
484 2887 574 2946 istam
595 2887 755 2945 inaudiens
778 2885 871 2943 metui
890 2884 979 2943 male.

133 2967 201 3028 Nec
222 2990 270 3028 me
288 2980 431 3047 asperata
452 2972 557 3049 lingua
578 2972 708 3030 delectat
725 2979 786 3028 tua.

134 3053 206 3114 Ten.
227 3054 316 3129 Quod
337 3057 428 3129 istud,
452 3057 542 3131 Aiax,
567 3066 667 3115 mente
687 3055 802 3113 moliris
821 3052 955 3113 malum?
1045 3053 1098 3108 585

133 3140 182 3200 Ai.
225 3139 275 3199 Ne
298 3160 345 3199 me
368 3143 516 3219 rogaseis.
537 3143 663 3219 pulchra
685 3160 734 3199 res
758 3138 905 3199 modestia
929 3145 985 3198 est.

134 3223 205 3283 Tec.
228 3225 327 3301 Quam
349 3227 468 3304 pendeo
490 3228 599 3286 animi!
622 3226 682 3288 Sed
704 3243 834 3303 perego
854 3231 883 3281 te
903 3222 1032 3298 liberos,

132 3310 174 3368 Et
191 3329 246 3386 per
265 3309 351 3371 Deos
376 3314 523 3385 obtestor,
545 3312 704 3371 handuns
723 3308 855 3387 produis.

132 3395 181 3454 Αἱ.
227 3395 296 3453 Vah
318 3397 420 3456 enicas
443 3416 501 3471 me,
523 3397 645 3455 mulier:
667 3416 708 3453 an
729 3394 842 3466 nescis,
864 3392 942 3453 Deis

132 3478 255 3539 Debere
278 3481 392 3540 nullum
414 3482 475 3540 iam
496 3501 544 3540 me
565 3482 706 3540 honorem
730 3477 919 3538 obnoxium?
1046 3483 1098 3539 590

132 3563 205 3624 Teo.
233 3565 318 3625 Bene
333 3567 475 3627 ominare.
562 3566 610 3626 Ai.
636 3563 1046 3708 Affarquzeyersuadeas.
