2532 4216
506 325 656 419 *πε-

130 492 190 551 Nec
208 493 271 552 nlla
293 493 400 565 restis,
422 501 473 551 aut
495 495 602 554 colorii
622 495 710 555 funes

130 579 268 657 Plagulas
290 579 449 651 reducunt,
472 580 614 639 annulive
633 579 770 638 velares:

130 662 187 723 Sed
207 664 276 723 sola
298 682 420 722 somnos
443 666 618 740 praebitura
640 682 765 723 securos

128 749 240 808 aulaea
262 748 340 808 situs
364 768 533 809 araneosus
558 748 703 809 obtendit.

128 833 185 892 Pro
207 833 355 894 stramine
374 833 429 905 illi,
454 835 639 910 culcitaeque
660 841 793 892 tomento

130 918 183 976 Vel
206 926 361 979 scorteum
384 928 533 995 segestro,
555 920 604 978 vel
627 938 723 978 senex
743 926 842 990 cento,

126 1004 164 1062 Et
181 1024 236 1081 pro
258 1011 374 1080 tapete,
396 1023 514 1080 proque
536 1004 671 1082 stragula
695 1012 791 1075 veste,

126 1089 333 1148 Exfimbriatis
357 1089 495 1147 obsoleta
515 1089 636 1148 fratillis

126 1176 270 1248 Anusque
291 1173 391 1245 lodix,
413 1192 607 1250 gausapeque
630 1174 785 1245 detritum3

88 1256 90 1260 '
127 1257 397 1334 Substerniturque
420 1259 502 1317 mille
523 1260 652 1317 murium
676 1259 800 1335 praeda,

126 1346 169 1401 Ac
189 1344 356 1403 soricinum
377 1344 489 1404 linteus
512 1345 669 1417 minutalc,

128 1428 186 1503 Qui
207 1429 309 1504 possit
331 1447 401 1489 esse
422 1430 611 1487 ruderarium
635 1430 780 1487 cribrum:

126 1513 269 1588 Idemque
290 1532 415 1571 mensae
435 1516 529 1573 servit
549 1533 626 1573 unus
650 1522 680 1572 et
700 1515 792 1586 lecto,

127 1598 251 1656 Mantile
272 1598 373 1656 nudae
393 1600 487 1658 servit
507 1608 537 1657 et
558 1599 637 1658 toral
657 1617 792 1656 mensae.

126 1682 173 1741 Ne
195 1683 397 1742 dormientem
418 1684 520 1742 laedat
542 1703 616 1741 aura
637 1692 794 1755 nocturna,

128 1769 217 1843 Quod
238 1767 282 1825 nil
304 1768 344 1826 sit
363 1769 420 1841 illi,
444 1770 496 1846 qni
519 1777 609 1844 caput
626 1775 709 1845 tegat
730 1775 832 1838 noctu,

127 1852 299 1912 calvariam
319 1862 416 1912 armat
438 1854 642 1931 subligaribus
664 1852 793 1911 braccis:

127 1938 194 1997 Hoc
218 1938 377 1999 involucro
398 1947 506 2011 tectus,
529 1940 588 1997 hoc
611 1946 641 1996 et
661 1939 790 1996 amiectu

127 2022 357 2083 subsarcinatus
378 2025 417 2081 nd
437 2025 592 2082 meridiem
614 2024 722 2090 stertit,

128 2107 351 2185 compendiosa
370 2110 519 2168 sumtibus
539 2110 588 2167 via
607 2127 754 2185 parcens:

128 2194 248 2271 Quippe
268 2212 329 2250 una
350 2194 453 2271 opella
464 2195 603 2270 prandet,
619 2202 650 2251 et
664 2193 753 2252 simul
768 2199 886 2264 coenat,

126 2279 165 2336 Et
184 2280 290 2350 ientat‚
315 2288 344 2335 et
367 2279 534 2351 merendat,
557 2287 646 2355 atque
669 2278 824 2337 comissat.

128 2362 232 2422 Coena
253 2364 322 2439 ipsa
342 2363 432 2441 frugi,
451 2362 647 2441 Socratisque
668 2363 874 2440 praescript03

128 2448 237 2507 Vinum
256 2467 337 2520 asse,
352 2449 441 2524 panis
456 2469 538 2522 asse,
558 2458 588 2507 et
604 2467 675 2509 asse
690 2447 885 2524 pulmentum.

128 2533 258 2606 Ancilla,
280 2533 401 2608 qualem
425 2554 486 2593 non
510 2536 622 2593 habere
643 2531 828 2591 Moncaudus

129 2622 240 2677 Averet
262 2618 364 2690 aliam,
387 2619 446 2691 rel,
470 2620 496 2678 si
520 2626 633 2690 averet,
657 2618 737 2676 haud
758 2625 881 2694 posset3

130 2702 323 2762 Cadaverosa
343 2704 455 2776 fronte,
476 2704 616 2779 pendulis
636 2703 742 2775 labris,

129 2787 264 2859 Cariosa,
287 2806 387 2860 casca,
410 2788 515 2848 Troici
537 2809 655 2848 memor
675 2788 759 2860 belli,

128 2873 308 2932 Pnnnuceas
330 2873 362 2930 in
384 2893 434 2931 ore
458 2875 630 2949 praeferens
652 2892 754 2951 rugas.

129 2959 269 3017 Everrias
291 2959 367 3015 haec
386 2958 466 3019 forte
488 2959 529 3035 (si
550 2968 658 3017 tamen
675 2958 781 3033 verrit)

127 3043 360 3102 Protuberantis
385 3043 497 3121 colligit
520 3045 694 3120 pavimenti,

129 3126 236 3205 Scopis
261 3128 381 3201 solutis,
404 3138 456 3187 aut
475 3130 574 3187 inutili
597 3148 693 3188 ramo.

129 3212 215 3272 Haec
234 3222 331 3290 terget
351 3213 441 3286 ollas,
463 3214 570 3290 implet
584 3214 741 3291 hydriam:
766 3214 873 3273 sordes

128 3298 167 3357 Et
191 3306 310 3358 stercus
331 3298 433 3356 effert:
455 3300 529 3365 eluit
549 3299 741 3357 lavatrinam.

129 3383 319 3459 Quotiesque
339 3383 415 3441 tenti
435 3384 514 3441 vatis
538 3393 681 3443 aestuans
700 3383 812 3460 inguen

130 3467 350 3551 Singultientis
365 3468 470 3544 arrigit
490 3477 590 3527 tumor
610 3487 715 3540 venae,

128 3554 246 3615 Inemta
259 3554 364 3612 Venus
385 3553 456 3611 huic
474 3560 504 3609 et
524 3554 673 3629 parabilis
689 3558 814 3628 praesto
831 3559 888 3624 est,
