2502 4218
450 384 456 395 ·
518 361 577 423 las

472 447 623 472 —r---

87 527 139 586 55.
187 528 323 588 Prudens
345 529 449 603 futuri,
472 539 502 588 et
522 531 683 591 imminens
700 532 844 608 periculis

85 612 247 671 Momenta
268 614 386 672 lubrica
405 623 435 672 et
459 615 607 676 volubiles
631 616 713 674 vices

84 696 242 756 Fortunae
260 699 362 758 inanis
384 700 535 775 pertinere
558 702 597 759 ad
621 720 655 760 se
673 711 777 779 negat:

83 781 126 840 Et
151 802 254 856 omne,
275 802 334 859 quo
355 784 445 861 plebs
468 804 588 861 semper
607 785 722 845 amisso
747 787 838 859 dolet,

83 865 123 923 Id
149 868 369 926 commodatum
392 869 497 943 credit,
521 879 551 928 et
570 870 756 948 precarium:

85 948 243 1028 Suamque
262 954 362 1012 reddit
382 973 447 1012 rem
468 957 643 1032 reposcenti
661 954 743 1028 Deo,

85 1034 143 1094 Nil
167 1039 381 1116 tergiversans.
406 1040 466 1115 Qui
488 1049 672 1117 potestatem
695 1042 743 1100 sui

85 1118 161 1180 Non
183 1123 253 1181 fecit
273 1124 345 1182 ullis
369 1125 502 1197 casibus,
527 1144 617 1186 casus
641 1133 743 1203 potest

85 1204 201 1265 Ridere
220 1216 295 1268 tutu.
321 1207 399 1268 Sunt
420 1210 512 1269 euim·
524 1210 700 1270 discrimina

85 1292 208 1351 Animis
230 1295 269 1351 ad
289 1313 379 1353 omne
400 1297 594 1373 praeparatis
613 1296 709 1369 irrita,

87 1373 249 1436 Securitati
272 1398 374 1438 saeva.
418 1378 504 1452 Quod
520 1382 588 1439 fieri
610 1390 722 1458 potest,

87 1458 187 1538 Spera
205 1463 346 1530 futurum.
370 1464 413 1522 nil
435 1467 626 1542 repentinum
648 1467 777 1545 ingruet,

87 1541 123 1604 Si
143 1548 284 1623 quidquid
306 1548 395 1621 alias,
416 1568 509 1627 posse
526 1566 606 1609 nunc
625 1553 691 1610 fieri
713 1560 812 1629 putes.

86 1631 225 1692 Adversa
246 1653 345 1691 rerum
367 1634 410 1692 nil
432 1635 505 1692 mali
527 1638 787 1713 exspectantibus,

86 1713 232 1776 Novitate
255 1736 346 1794 quam
368 1719 399 1776 vi
419 1721 545 1797 saepius
567 1729 678 1779 nocent
702 1740 768 1780 sua.

89 1797 164 1860 Sese
183 1803 345 1862 instruenti
368 1805 407 1862 ad
428 1813 545 1878 cuncta,
565 1806 593 1864 si
613 1826 675 1864 uon
697 1805 800 1864 omnia

86 1884 130 1944 Ut
149 1888 255 1960 voluit,
276 1896 325 1947 ast
344 1897 377 1947 ut
397 1890 553 1967 cogitavit,
571 1891 720 1950 accidunt.

88 2052 138 2115 56.
180 2056 259 2116 Pars
280 2066 327 2116 est
350 2057 441 2116 futuri
461 2078 572 2137 magua
592 2031 733 2137 supplicii
752 2061 848 2119 timor.

88 2140 173 2199 Meus
194 2142 315 2200 curiose
336 2144 459 2201 credula
480 2144 512 2202 iu
537 2165 652 2222 poenas
675 2165 748 2207 suas

89 2222 218 2285 Sensum
242 2234 436 2287 antevertens
457 2230 578 2289 obviam
599 2231 624 2288 it
644 2230 754 2290 damno
779 2250 847 2301 suo,

87 2310 199 2370 Malum
219 2312 396 2371 imminente
419 2314 517 2373 maius
540 2315 695 2374 intentans
717 2317 785 2375 sibi.

87 2393 170 2456 Bene
191 2407 393 2476 praeparatus
415 2400 505 2459 rebus
529 2400 665 2459 aduersis
687 2401 785 2474 homo,

88 2478 239 2560 Quidquid
260 2482 392 2541 futurum
412 2485 630 2560 praestolatur,
652 2485 773 2561 excipit.

87 2650 136 2710 57.
182 2651 364 2712 Periculosa
384 2661 431 2713 est
447 2654 544 2712 omnis
566 2653 717 2713 excedens
740 2655 862 2714 modum

86 2736 176 2814 Apud
198 2744 359 2814 tyrannum
381 2758 437 2816 par
458 2747 587 2815 tyranno
608 2739 714 2816 gratia.

87 2819 194 2881 Terret
214 2840 361 2897 sequaces
382 2824 549 2884 aulicorum
569 2843 643 2900 spes
667 2816 774 2884 canuni

86 2905 314 2967 Formidclosus
336 2906 521 2986 Caprearum
543 2910 656 2969 carceri

87 2989 216 3052 Seianus
239 2992 311 3053 olim
332 2994 415 3070 plebi
436 2995 590 3055 adoratum
610 3003 710 3071 caput.

84 3078 260 3136 Ascendere
282 3079 345 3136 alta
366 3087 414 3139 est
437 3078 574 3154 arduum,
598 3080 677 3137 unde
700 3087 807 3156 postea

86 3159 215 3240 (legaris
239 3177 309 3221 ante
333 3165 451 3229 cedere,
473 3184 562 3240 quam
581 3164 776 3223 descendere

86 3330 134 3391 58.
179 3330 261 3404 Rex,
282 3333 330 3390 cui
351 3332 458 3392 relicta
479 3333 581 3405 vidua,
602 3334 651 3391 cui
671 3351 744 3392 suas
763 3350 869 3409 preces

84 3414 225 3493 Pupillus
242 3416 341 3488 offert,
362 3419 425 3479 vita
446 3416 606 3478 adulantes
626 3436 735 3490 canes3

84 3500 181 3561 Feros
201 3503 233 3560 iu
257 3521 376 3576 omnes,
398 3504 514 3567 cicures
537 3504 590 3561 uui
611 3504 675 3562 tibi.

86 3584 141 3646 (lui
162 3607 221 3665 pru
243 3588 379 3665 maligno
401 3597 448 3648 eat
469 3605 559 3664 parce
579 3589 717 3661 adulans,
738 3587 836 3646 hostis
857 3595 904 3645 est
