2604 4210
579 363 641 424 399

151 533 246 593 Adsis
264 532 336 605 Dia,
356 533 508 592 hominum
527 534 672 612 frangens
692 532 819 592 audacia
838 532 930 605 faeta,

151 617 195 679 Ut
214 636 336 695 semper
356 618 468 676 iustam
488 637 585 694 aequa
606 619 707 677 ferant
727 616 858 695 vestigia
878 619 981 689 vitam,

153 703 298 764 Omnium
319 702 371 779 qui
391 712 489 762 terrae
509 712 671 763 vescuntur
691 721 815 762 munere
837 702 953 778 opimo,

151 791 252 864 Atque
264 788 450 846 animantum
463 789 567 861 alium,
591 806 728 866 quaeque
745 788 851 845 educat
863 788 1066 862 omniparenti

152 873 243 933 Alma
264 874 333 933 sinn
353 873 456 947 tellus,
477 881 507 932 et
527 893 604 949 quae
623 874 715 933 maris
739 890 907 948 aequoreus
931 872 1000 932 Dis.

492 1042 581 1119 Lapis
599 1062 722 1101 carmen.
1023 1044 1063 1103 63

153 1120 352 1206 Ooeligenttm
366 1135 455 1201 atque
467 1127 620 1186 hominum
634 1128 755 1205 genium
769 1134 798 1185 te
809 1126 892 1185 Diva
903 1146 980 1186 voco
987 1127 1064 1201 Lex,

153 1211 335 1284 Caelestem,
359 1213 532 1284 astrifieem,
553 1232 653 1270 rerum
676 1231 836 1272 commune
859 1212 1008 1290 sigillum

153 1298 273 1369 Terrai,
296 1297 441 1372 aequorei
461 1293 540 1370 sali’,
563 1305 748 1376 naturaeque
770 1305 931 1357 statumen.

153 1381 288 1443 (loueors
311 1389 341 1439 et
363 1389 504 1440 constans
528 1401 655 1442 servans
680 1385 757 1441 bene
776 1383 895 1461 legibus
916 1392 1031 1460 aptum,

153 1466 229 1541 Quis
251 1476 283 1524 tu
305 1466 332 1525 is
354 1485 537 1542 componens
559 1468 636 1527 eoeli
656 1467 841 1529 immortalia
861 1468 937 1540 iura,

151 1553 192 1612 Et
215 1547 306 1628 quati‘
329 1551 496 1609 sublesta'm
517 1553 662 1610 invidiam
683 1551 834 1630 vertigini’
855 1554 931 1611 ritu:

152 1637 215 1712 Qui
237 1638 316 1696 bona
338 1637 391 1694 das
409 1636 490 1694 vitae
509 1633 681 1695 mortalibu’
702 1639 805 1695 munia
825 1637 918 1695 obire.

153 1720 231 1783 Sola
247 1721 358 1781 etenim
379 1720 535 1779 moderare
551 1723 737 1780 animantum
761 1730 868 1780 cuneta
888 1722 1034 1798 guberna,

153 1805 300 1866 Consiliis
321 1825 448 1866 carneus
469 1807 739 1865 observantissima
760 1807 865 1866 reetis:

154 1890 263 1965 Casca,
282 1899 420 1967 experta,
443 1910 542 1950 eomes
565 1892 653 1950 iustis
674 1891 799 1950 innoxia
819 1910 950 1969 semper,

153 1974 347 2052 Iniustosqne
365 1976 552 2036 labefaciens
574 1973 740 2056 ingentibu’
763 1977 860 2035 noxis.

154 2058 216 2121 Sed
238 2062 412 2120 veneranda
424 2061 606 2137 opulentifer
621 2063 753 2121 omnium
770 2080 897 2120 amoena
909 2061 1060 2138 voluptas,

151 2146 215 2207 Fae
233 2147 277 2205 tui
297 2166 351 2205 nos
370 2165 529 2220 memores,
554 2147 695 2224 aspirans
721 2167 833 2207 nomeu
852 2147 991 2206 amicum.

418 2316 563 2375 Mavortis
584 2318 724 2392 suffimen,
744 2327 798 2375 tua.
1023 2315 1064 2375 64

150 2399 743 2478 Magnanime,impavide‚invieteatque
758 2402 923 2477 asperrime
932 2403 1063 2473 Mavors,

153 2485 315 2557 Indomita
339 2486 535 2560 armipotens,
552 2486 714 2562 parricida,
735 2487 937 2563 impetimure,

152 2571 328 2647 Marspiter,
348 2591 366 2628 ο
389 2572 605 2647 ereperierepe,
626 2571 699 2630 tabo
723 2580 753 2630 et
771 2571 918 2649 sanguine
932 2570 1062 2643 stillans,

154 2654 319 2733 Sanguinis
344 2656 467 2713 humani
489 2656 595 2716 sitiens
611 2656 787 2733 bellicrepe,
807 2665 903 2729 torve,

153 2741 300 2813 Ensibus,
322 2747 411 2815 atque
432 2741 596 2800 inamoena
614 2741 719 2801 colens
741 2742 907 2801 certamina
929 2741 1029 2800 runis:

155 2824 238 2886 Siste
259 2824 402 2897 duellum,
426 2834 456 2884 et
479 2827 629 2885 cordolios
653 2828 810 2902 requiesce
828 2825 983 2898 tumultus,

154 2910 250 2986 Inque
272 2910 447 2970 Venustatis
467 2911 565 2983 divae,
588 2919 619 2971 et
640 2913 746 2971 Brumi
770 2913 831 2971 otia
851 2912 911 2984 dia,

154 2995 196 3055 Et
217 3015 325 3055 munus
347 2994 474 3055 Cereale
495 2996 588 3054 duelli
609 2997 712 3055 eonfer
733 3017 880 3069 amorem3

155 3077 283 3156 Semper
299 3099 406 3157 paoem
426 3087 545 3157 optans,
570 3083 681 3141 vietum
704 3091 734 3141 et
755 3102 788 3141 re
809 3101 883 3159 eope
901 3083 1061 3159 vigentem.

359 3249 479 3309 Voleaai
497 3252 636 3326 suffimen,
656 3254 870 3311 libanomanaa.
1022 3251 1062 3310 65

154 3333 288 3393 Volcane
310 3335 514 3410 omnipotens,
536 3335 713 3409 fortissime,
740 3338 920 3412 flammaque
938 3355 1062 3414 perpes,

155 3416 264 3496 Ignitis
289 3422 401 3480 florens
421 3420 514 3492 auris,
535 3418 671 3479 Lucetiu'
695 3421 774 3496 dius,

152 3501 313 3578 Lacerius,
334 3506 460 3578 Viriate,
483 3502 568 3564 Nero
591 3514 724 3578 aeterne,
751 3506 978 3582 artipotensque

152 3586 335 3666 Ferrifaber,
356 3610 523 3670 purumque
542 3590 732 3664 elementum,
753 3590 854 3669 portio
875 3592 989 3666 mundi,
