2586 4214
510 343 661 439 Q

128 513 191 569 Aut
211 529 279 567 cnm
299 509 338 569 iis
365 511 482 570 doloris
502 513 590 590 paria
612 513 715 571 munia
733 515 862 589 exequi?

130 593 185 654 Ch.
227 595 316 670 Quod
338 594 517 672 duplicatur,
536 598 633 659 mains
657 605 714 670 est,
736 599 854 672 mulier,
873 602 995 659 malum.

130 679 202 738 Teo.
243 680 346 738 Morbo
367 699 516 756 caremus,
539 692 569 741 et
587 682 760 742 laboramus
777 691 888 743 tamen.
1034 722 1035 725 =

131 763 185 825 ch.
233 763 313 837 Quid
335 765 432 826 dicis?
452 768 527 826 haec
547 787 596 826 me
617 768 708 827 dictio
730 768 859 828 incertat
879 770 986 847 magis.
1040 784 1093 837 979

130 850 203 908 Tec.
246 850 301 908 Vir
322 850 376 908 ille
396 853 505 911 morbo
528 871 595 913 cum
619 860 772 912 teneretur
790 854 887 931 gravi,

132 934 274 995 Gestibat
293 935 373 1012 ipae,
394 955 453 1011 qna
474 939 675 1013 premebatur,
694 937 755 1009 lue,

135 1021 278 1098 Angebat
300 1029 330 1080 et
351 1040 409 1080 uos
429 1022 539 1081 mentis
561 1023 657 1098 impos
681 1025 874 1100 compotes[.]

130 1105 299 1180 Postquam
323 1106 447 1179 resedit,
471 1126 506 1164 ac
528 1107 641 1182 recepit
662 1125 696 1166 se
718 1127 738 1166 a
758 1108 857 1169 molor

129 1191 170 1249 Et
192 1191 291 1251 maior
310 1191 396 1248 illum
416 1192 526 1251 mentis
545 1201 667 1251 exercet
683 1193 778 1252 dolor.
1040 1209 1092 1262 975

129 1276 170 1334 Et
191 1295 251 1333 nou
274 1277 374 1335 minue
396 1295 454 1335 nos
478 1295 557 1335 nunc
578 1277 715 1337 dolemus
737 1296 827 1352 quam
848 1278 944 1354 prius.

129 1359 204 1419 Non
227 1379 298 1438 ergo
322 1361 432 1438 simpla
453 1362 538 1433 haec,
558 1362 650 1438 dupla
668 1363 714 1422 bis
738 1370 822 1422 tanto
845 1362 947 1420 mala?

131 1443 188 1504 ch.
231 1446 345 1504 Verum
365 1454 422 1518 est,
444 1446 609 1523 fatemur[:]
632 1466 668 1505 ac
687 1444 835 1520 veremur,
857 1467 896 1505 ne
918 1446 1020 1506 Deum

130 1530 274 1589 Incessat-
291 1532 337 1589 ira
356 1531 449 1589 hunc:
473 1551 543 1590 nam
565 1532 684 1591 levatur
706 1552 769 1591 non
792 1533 902 1609 magis,

130 1613 301 1675 Defunctus
322 1615 377 1674 illa
399 1623 499 1692 peste,
521 1635 611 1691 qnam
634 1624 797 1693 aegrotans
817 1617 913 1694 priua.
1041 1630 1095 1685 999

131 1701 203 1759 Teo.
249 1701 333 1779 Ergo
355 1700 491 1760 disertim
511 1701 749 1760 commonendus
772 1720 806 1760 es
828 1701 912 1759 mihi.

132 1783 187 1845 Ch.
228 1786 318 1844 Enim
342 1786 421 1843 unde
448 1785 550 1860 coepit
573 1786 702 1862 gliscere
721 1786 797 1843 haec
816 1785 913 1844 moles
937 1784 1020 1856 mali,

130 1869 196 1928 Nos
219 1871 423 1943 condolentes,
446 1878 477 1928 et
497 1878 594 1929 metus
614 1871 717 1930 socios
739 1871 824 1929 doce.

132 1955 203 2013 Teo.
244 1956 327 2034 Ergo
350 1964 383 2013 ut
404 1955 519 2014 doloris
543 1956 657 2028 socius,
680 1975 801 2014 omnem
820 1973 887 2014 rem
912 1961 989 2012 tene.

130 2039 212 2099 Nam
234 2049 324 2100 nocte
344 2041 444 2116 prima
461 2041 593 2099 nondum
615 2041 712 2099 adhuc
732 2041 915 2100 micantibus
1041 2040 1105 2110 995·

131 2127 292 2184 Astrorum
314 2126 431 2198 ocellis,
454 2125 506 2183 ille
529 2145 626 2185 vanos
647 2126 756 2203 ancipe

131 2210 302 2270 instructus
326 2211 416 2269 hasta
435 2218 533 2280 tentat
551 2212 650 2270 exitus
669 2230 771 2270 ruens.

131 2295 198 2372 Ego
221 2296 346 2372 increpo
369 2296 532 2359 hominem.
553 2315 624 2357 nam
646 2297 729 2372 quid,
748 2297 883 2371 inquam,
902 2292 1019 2370 cogitas

131 2380 232 2439 Aiax?
254 2380 336 2455 quod
353 2381 431 2441 istuc
451 2380 542 2438 itiner
560 2381 707 2438 incertum
729 2398 821 2456 paras

130 2464 225 2523 Nullo
249 2474 392 2524 evocatus
418 2466 541 2538 nuncio,
565 2472 617 2522 ant
638 2466 712 2523 tuba
735 2465 862 2534 excitus,
1041 2477 1095 2531 999

131 2548 207 2609 Cum
230 2550 367 2626 placidus
389 2567 495 2609 omnes
518 2549 629 2607 mulcet
651 2549 683 2606 in
707 2549 815 2608 castris
837 2545 945 2623 sopori
1070 2556 1072 2561 ·

129 2634 225 2693 Brevi
245 2634 298 2693 ille
320 2635 400 2695 dicto
422 2634 602 2709 insequitur,
624 2640 656 2690 at
675 2633 829 2711 vulgario:

130 2719 251 2792 Mulier,
274 2720 431 2778 mulierum
451 2737 596 2777 ornamen
616 2726 664 2776 est
686 2718 848 2776 silentium.

129 2803 283 2864 Perculsit
301 2805 452 2863 animum:
476 2803 643 2878 comprimo
666 2822 729 2861 met
753 2803 806 2862 ille
828 2801 910 2859 exiit.

129 2890 244 2948 Verum
263 2889 336 2964 quid
356 2890 519 2948 intervenit
539 2887 671 2959 interibi,
696 2888 777 2947 haud
796 2887 871 2946 scio.
1041 2896 1094 2950 995

129 2973 218 3048 Post,
241 2975 441 3034 curvifrontes
461 2976 555 3032 intrat
573 2980 726 3032 armentas
748 2990 854 3050 agens,

129 3061 289 3135 Mutasque
306 3060 451 3136 pecudes,
473 3066 563 3133 atque
586 3057 724 3116 custodes
748 3075 850 3116 canes.

130 3144 211 3203 Hinc
233 3145 333 3222 capite
355 3151 484 3215 truncat,
503 3144 575 3202 inde
593 3143 761 3220 resupinat,
781 3148 882 3214 necat,

129 3229 310 3307 Iugulatque
332 3229 492 3304 quaedam.
513 3229 561 3286 bis
584 3228 765 3305 compeditis
786 3227 924 3298 verbera,

130 3314 290 3391 Tanquam
310 3314 369 3373 viri
390 3314 462 3385 sint,
486 3332 543 3371 non
566 3331 686 3390 greges,
709 3331 806 3389 usqne
828 3309 955 3388 oggerit.
1041 3324 1095 3378 30⁰

130 3399 217 3457 Tunc
237 3399 442 3474 nescioquod
464 3397 583 3470 exieus,
603 3406 755 3472 spectrum
778 3404 924 3472 appetens

130 3484 310 3545 Orationem
331 3484 444 3543 duriter
463 3482 551 3542 dictis
573 3482 656 3540 dedit

61 3614 66 3623 ·
129 3569 166 3635 Iu
188 3569 345 3647 Ulyssem,
368 3569 502 3641 Atridas,
523 3586 683 3644 perperam
706 3575 737 3627 et
760 3565 945 3638 ioculariter,
