2586 4214
621 248 770 367 ssm.

238 442 281 500 At
297 440 428 499 luridum
450 440 580 501 cadaver
597 441 758 519 expulsum
780 441 867 501 foras

236 523 385 602 Delphini
408 526 512 602 aprica
534 533 702 604 concoquat
720 524 878 599 Canicula,

238 610 430 686 Passumqne
450 611 482 669 in
504 611 582 688 algis
603 612 695 686 inque
713 629 817 673 musco
837 611 991 688 putridum

238 696 385 755 Miserata
405 696 512 759 condet
531 715 594 767 una
614 695 758 757 Nesacae
782 714 879 769 soror,

168 777 221 833 ⁴0⁰
239 775 367 858 Opitula
386 781 493 839 abadir
510 782 636 841 maximi
658 780 835 858 Cynaethei.

236 865 425 941 Bustumque
444 866 617 943 proximum
638 866 784 925 coturnici
805 865 870 925 aliti

179 992 182 999 .
212 976 215 981 ·
236 950 398 1025 Tremens,
421 952 540 1019 cavebit
562 971 695 1011 murmur
713 951 830 1028 Aegaei
851 950 920 1011 sali.
1006 952 1008 955 ’

236 1035 324 1094 Tunc
342 1036 397 1094 illa
415 1034 572 1095 Gastniam
594 1044 624 1094 et
646 1036 830 1103 Melinaeam
850 1035 939 1095 deam

235 1121 411 1180 Proscindit
430 1122 530 1195 audax
551 1120 646 1198 Uragi
664 1120 697 1181 in
718 1120 846 1196 palatio,

168 1207 219 1261 405
238 1204 322 1279 Quae
343 1205 435 1265 laciet
452 1206 538 1267 illum
558 1214 623 1265 reto
644 1199 848 1267 inertricabili.
924 1226 926 1229 ·

235 1292 352 1350 Furore
371 1309 428 1348 nec
445 1291 545 1351 furore
563 1309 667 1351 verum
684 1290 863 1366 Erinnyum‚

237 1375 381 1434 Tendens
402 1393 537 1433 amaram
557 1374 736 1453 compedem
756 1374 929 1435 futitraham

238 1459 407 1535 Omnisque
428 1467 576 1519 moestum
597 1459 728 1521 Graecia
749 1459 920 1530 eiulabitnr,

237 1543 455 1621 Quamcunque
475 1546 628 1607 Araethus
654 1545 739 1607 intus
761 1553 850 1619 atque
871 1542 1050 1619 inhospitare

167 1634 222 1688 410
238 1630 356 1689 Fauces
379 1638 517 1689 coercent
537 1630 624 1690 Dotii
641 1630 833 1691 Libethriae:

237 1714 356 1790 Quibus
380 1735 467 1777 meae
487 1715 536 1774 vel
557 1716 597 1774 ad
617 1715 739 1793 paludis
760 1716 878 1773 inferas

235 1799 348 1877 Ripam
368 1800 419 1859 diu
440 1808 511 1862 aunt
527 1800 741 1863 lacrumandae
760 1800 900 1877 nuptia&

235 1883 317 1943 Nam
337 1885 536 1962 plurimarum
558 1894 663 1949 ventre
684 1885 872 1943 funerabitur

236 1967 476 2029 Serretidentum
498 1971 587 2028 fauce
606 1989 778 2046 campanum
802 1969 936 2030 abditum

167 2054 219 2116 ne
236 2053 374 2113 Examen
395 2055 516 2131 ingens,
537 2056 732 2131 hospitesque
753 2057 785 2113 in
807 2053 927 2130 hospite

235 2138 332 2211 Terra
350 2140 493 2198 subibunt
512 2140 605 2198 busta
624 2140 762 2216 cognatis
785 2138 901 2216 procul.

234 2221 316 2283 Nam
337 2223 404 2298 ripa
427 2224 578 2299 quendam
599 2223 773 2300 Strymonis
796 2222 926 2285 Bisaltia

234 2308 463 2367 Absinthiorum
483 2311 625 2386 proxima
646 2318 736 2384 atque
757 2310 919 2375 Bistonum
1001 2348 1004 2352 -

234 2394 401 2470 Vesticipis
423 2394 553 2455 altorem
576 2396 723 2472 optimum
742 2395 864 2453 Edonos
886 2407 981 2468 prope

165 2486 218 2541 420
236 2478 334 2557 Teget
350 2479 448 2555 prius,
471 2480 676 2557 Tymphresta
697 2499 788 2556 quam
808 2485 912 2539 cernat
930 2476 1015 2552 iuga,

234 2562 298 2623 Suo
320 2564 441 2641 parenti
464 2565 625 2640 plurimum
646 2566 775 2624 invisum
799 2564 944 2633 omnium,

235 2648 296 2723 Qui
317 2648 390 2706 fecit
411 2649 497 2706 illum
518 2650 687 2722 caecilium,
711 2649 818 2711 oculos
839 2649 957 2717 forans,

235 2731 343 2792 Cubile
365 2734 501 2811 spurium
523 2735 644 2808 quando
665 2735 752 2795 inivit
773 2734 903 2810 pellicis.

234 2817 312 2877 Tres
336 2816 486 2896 Cercaphi
506 2819 652 2895 spelunca
673 2838 818 2880 casuaree
837 2826 920 2896 teget

165 2907 217 2962 425
236 2902 319 2963 Olim
342 2904 479 2980 sepulcro
500 2925 562 2965 non
584 2906 621 2963 ab
640 2905 753 2967 Alenta
772 2905 893 2981 pmcult,

233 2988 366 3049 Molossi
387 2989 498 3047 olorem
519 2990 691 3066 praescium
713 2990 832 3053 insinui
854 2987 942 3061 Cubi,

233 3071 361 3133 Scrofae
380 3074 522 3133 incientis
544 3075 732 3135 nescientem
750 3074 875 3147 deliaca,

234 3157 310 3218 (lum
333 3159 467 3235 caprifici
486 3159 540 3218 lite
563 3160 751 3235 compellans
775 3167 843 3221 cata

232 3243 342 3303 Vatem
363 3243 526 3316 aemulum,
548 3245 617 3321 ipse
639 3245 736 3304 falsus
759 3264 797 3302 ex
819 3243 943 3302 oraculo

162 3339 216 3394 430
233 3326 382 3389 Somnum
403 3329 525 3388 Teniris
547 3332 759 3404 praestitutum
783 3329 927 3388 dormiet:

233 3412 438 3490 Quantumque
461 3414 562 3491 magni
577 3414 739 3477 liberorum
763 3413 898 3485 Diiovis‚

181 3548 184 3555 ,
230 3497 367 3556 Fratrem
388 3496 484 3557 dolosi
504 3500 651 3561 Aethonis
674 3501 708 3565 in
727 3500 805 3559 fictis
826 3499 920 3561 nonar
