2586 4214
627 332 777 429 —3bl-

178 503 231 559 stu
248 503 396 589 Messoris
419 510 518 560 autem
542 503 645 560 secula
667 503 823 561 necabitur

247 591 435 649 Exentsrato
458 587 556 664 turpis
578 606 650 645 orca
670 588 796 658 viscere,

248 674 400 733 Mustelae
418 671 556 731 alumnos
577 674 628 747 qui
651 671 874 730 caballimilites

249 757 473 819 Cervicimatris
496 757 674 817 saxifrontis
697 757 824 829 extudit,

250 844 460 918 Hominesque
482 841 594 901 durans
618 850 721 903 suetus
745 861 764 900 a
781 842 912 920 vestigio

180 925 232 982 845
248 929 395 990 Formare
418 933 533 989 statuas
554 927 710 986 involucro
728 925 898 999 marmoris,

250 1013 354 1092 sagax
375 1013 522 1073 uicaecae
542 1012 652 1070 lucifur
672 1012 837 1072 custodiae.

249 1100 374 1159 Videbit
394 1106 480 1158 aestu
499 1100 576 1173 qu'ae
595 1098 731 1174 rigantur
753 1097 868 1175 iugera,

249 1186 385 1262 Asbysta
405 1182 539 1254 flumina,
559 1188 648 1256 atque
670 1184 758 1240 humo
780 1180 969 1241 stertentium

251 1268 354 1329 Oubas
376 1267 505 1339 olentes,
528 1267 760 1342 conquiniscens
782 1265 900 1326 bestiis.

181 1352 234 1406 85⁰
252 1355 340 1430 Quae
359 1359 466 1411 cuncta
487 1351 581 1410 obibit
602 1360 727 1428 propter
746 1352 890 1430 Argivum
907 1350 1022 1428 lupam,

251 1438 402 1497 Triviram
423 1436 556 1512 puellam
576 1437 870 1514 femiuipnorperam.

249 1524 457 1601 Iapygumque
477 1521 571 1579 adibit
592 1541 659 1580 erro
683 1522 858 1593 exercitum,

249 1609 405 1684 Ponetque
420 1607 539 1666 ‚donum
557 1606 666 1684 virgini
687 1606 852 1678 Feretriae,

126 1770 128 1774 Ι
250 1694 359 1754 Ancile
381 1699 497 1752 scutum
520 1699 550 1749 et
567 1691 703 1750 hirneam
724 1692 908 1763 Temesiam,

93 1847 96 1857 Ι
183 1780 235 1835 855
253 1777 389 1855 Sponsae
407 1777 546 1838 nocentis
568 1795 759 1855 cernuosque
780 1776 919 1835 mulleos.

253 1862 395 1938 Sirinque
419 1862 515 1920 adibit
536 1870 566 1920 et
585 1862 713 1929 Lacinia
733 1862 837 1934 ardua,

251 1950 289 2008 In
312 1948 398 2023 queis
423 1948 549 2005 iuvenca
570 1946 719 2005 consitum
741 1946 892 2006 Feroniae

251 2033 339 2093 Deae
359 2033 503 2090 Monetae
527 2033 719 2107 praeparabit
739 2032 901 2090 hortulum:

252 2119 293 2178 Et
313 2116 435 2175 feminis
456 2115 508 2172 lex
531 2134 650 2190 semper
671 2117 822 2195 indigenis
843 2117 899 2174 erit

184 2198 236 2255 860
254 2200 396 2261 Cubitum
417 2202 570 2259 novenum
591 2201 664 2261 flere
686 2202 804 2260 tertium
826 2200 920 2261 Aeaci

253 2286 455 2358 arborius,
478 2285 592 2343 fulmen
615 2286 707 2344 duelli
727 2286 839 2359 Martii,

252 2371 321 2431 Nec
336 2389 448 2447 corpus
469 2390 544 2429 auro
561 2371 716 2448 perpolite
732 2372 876 2442 vinnium,

253 2457 321 2517 Nec
340 2458 421 2515 ferre
442 2456 585 2514 membris
608 2455 737 2514 delicata
758 2456 854 2533 pallia

255 2542 385 2604 Sandicc
404 2541 511 2617 pictas,
531 2541 598 2599 ideo
620 2541 697 2615 quod
717 2542 804 2600 divae
821 2541 878 2598 dea

186 2628 238 2683 ast
257 2627 370 2686 Terrae
392 2645 533 2704 cacumen
553 2634 727 2684 muneratur
741 2626 861 2685 arduae.

254 2712 432 2789 Pugilisque
440 2711 518 2768 tauri
526 2710 558 2768 in
569 2708 723 2787 Sospitam
733 2710 928 2769 certaminum
948 2706 1167 2782 [inhospitum]

255 2799 387 2856 Arenam
408 2795 513 2867 adibit,
533 2813 623 2870 quem
643 2804 725 2853 creat
742 2794 884 2854 Libentia
931 2807 933 2811 ’

256 2882 409 2955 Mancina,
431 2899 562 2958 regnans
586 2899 656 2937 arce
678 2881 814 2958 Longari
837 2879 928 2949 edita,

257 2966 428 3029 Saturniam
450 2965 628 3040 falcemque,
652 2963 867 3040 concheaeque
890 2979 985 3037 aquas

187 3060 239 3115 870
255 3053 404 3124 Ventans,
426 3048 652 3124 Gonusamque,
681 3058 772 3126 atque
795 3048 936 3110 Sicanum
958 3052 1102 3120 aequora,

256 3139 297 3196 Et
320 3135 434 3212 templa
454 3136 537 3193 crudi
553 3134 636 3212 pelle
657 3135 758 3193 vestiti
776 3135 852 3211 lupi,

258 3223 345 3298 Quae
364 3220 515 3296 quondam
537 3219 674 3277 alumnus
699 3218 819 3279 Oretbei
845 3215 1005 3293 appellans
1028 3221 1125 3272 ratem

257 3305 335 3367 cum
356 3312 446 3383 gente
466 3304 683 3381 quinquaginta
704 3313 861 3363 nautarum
884 3300 995 3360 ediditr

257 3393 453 3467 Minyumque
477 3389 552 3449 salsi
572 3389 639 3463 ripa
661 3391 794 3449 servabit
812 3386 903 3446 maris

189 3479 241 3534 875
259 3475 451 3554 strigmenta,
473 3492 551 3549 quae
572 3490 629 3531 nec
652 3473 746 3533 diluet
764 3471 895 3543 Venilia,
946 3520 951 3529 χ

258 3559 326 3620 Nec
347 3559 505 3619 abluentes
527 3556 669 3616 imbricae
690 3561 818 3639 ningues
838 3557 898 3615 diu.
