<?xml version="1.0" encoding="UTF-8"?>
<!DOCTYPE html PUBLIC "-//W3C//DTD XHTML 1.0 Transitional//EN"
    "http://www.w3.org/TR/xhtml1/DTD/xhtml1-transitional.dtd">
<html xmlns="http://www.w3.org/1999/xhtml" xml:lang="en" lang="en">
 <head>
  <title>
</title>
<meta http-equiv="Content-Type" content="text/html;charset=utf-8" />
  <meta name='ocr-system' content='tesseract 3.04.00' />
  <meta name='ocr-capabilities' content='ocr_page ocr_carea ocr_par ocr_line ocrx_word'/>
</head>
<body>
  <div class='ocr_page' id='page_1' title='image "./iosephiscaliger01scalgoog_0099.png"; bbox 0 0 2502 4218; ppageno 0'>
   <div class='ocr_carea' id='block_1_1' title="bbox 634 355 783 448">
    <p class='ocr_par' dir='ltr' id='par_1_1' title="bbox 634 355 783 448">
     <span class='ocr_line' id='line_1_1' title="bbox 634 355 783 448; baseline 0 -35"><span class='ocrx_word' id='word_1_1' title='bbox 634 355 783 448; x_wconf 49' lang='lat' dir='ltr'><strong>„ffl-</strong></span> 
     </span>
    </p>
   </div>
   <div class='ocr_carea' id='block_1_2' title="bbox 192 521 1136 2213">
    <p class='ocr_par' dir='ltr' id='par_1_2' title="bbox 250 521 1029 685">
     <span class='ocr_line' id='line_1_2' title="bbox 250 521 1029 600; baseline 0.004 -20"><span class='ocrx_word' id='word_1_2' title='bbox 250 521 399 595; x_wconf 87' lang='lat' dir='ltr'><strong>Dousius,</strong></span> <span class='ocrx_word' id='word_1_3' title='bbox 418 523 535 599; x_wconf 85' lang='lat' dir='ltr'><strong>accepit</strong></span> <span class='ocrx_word' id='word_1_4' title='bbox 557 542 633 600; x_wconf 87' lang='lat' dir='ltr'><strong>gens</strong></span> <span class='ocrx_word' id='word_1_5' title='bbox 653 542 748 598; x_wconf 88' lang='lat' dir='ltr'><strong>aquo</strong></span> <span class='ocrx_word' id='word_1_6' title='bbox 769 522 885 582; x_wconf 88' lang='lat' dir='ltr'><strong>Dousia</strong></span> <span class='ocrx_word' id='word_1_7' title='bbox 907 542 1029 599; x_wconf 89' lang='lat' dir='ltr'><strong>nomen,</strong></span> 
     </span>
     <span class='ocr_line' id='line_1_3' title="bbox 293 608 993 685; baseline 0.003 -19"><span class='ocrx_word' id='word_1_8' title='bbox 293 608 333 667; x_wconf 79' lang='lat' dir='ltr'><strong>Et</strong></span> <span class='ocrx_word' id='word_1_9' title='bbox 353 626 441 685; x_wconf 88' lang='lat' dir='ltr'><strong>gens,</strong></span> <span class='ocrx_word' id='word_1_10' title='bbox 466 619 496 665; x_wconf 90' lang='lat' dir='ltr'><strong>et</strong></span> <span class='ocrx_word' id='word_1_11' title='bbox 515 609 626 667; x_wconf 84' lang='lat' dir='ltr'><strong>veteris</strong></span> <span class='ocrx_word' id='word_1_12' title='bbox 647 609 746 685; x_wconf 84' lang='lat' dir='ltr'><strong>gentis</strong></span> <span class='ocrx_word' id='word_1_13' title='bbox 769 609 849 666; x_wconf 82' lang='lat' dir='ltr'><strong>evita</strong></span> <span class='ocrx_word' id='word_1_14' title='bbox 870 608 993 668; x_wconf 75' lang='lat' dir='ltr'><strong>domus</strong></span> 
     </span>
    </p>

    <p class='ocr_par' dir='ltr' id='par_1_3' title="bbox 251 691 1136 852">
     <span class='ocr_line' id='line_1_4' title="bbox 251 691 1136 768; baseline 0.003 -16"><span class='ocrx_word' id='word_1_15' title='bbox 251 691 366 752; x_wconf 83' lang='lat' dir='ltr'><strong>Cuncta</strong></span> <span class='ocrx_word' id='word_1_16' title='bbox 388 693 492 755; x_wconf 85' lang='lat' dir='ltr'><strong>favent</strong></span> <span class='ocrx_word' id='word_1_17' title='bbox 510 693 655 765; x_wconf 79' lang='lat' dir='ltr'><strong>lacrimis,</strong></span> <span class='ocrx_word' id='word_1_18' title='bbox 676 693 835 768; x_wconf 90' lang='lat' dir='ltr'><strong>sociosque</strong></span> <span class='ocrx_word' id='word_1_19' title='bbox 855 693 887 750; x_wconf 92' lang='lat' dir='ltr'><strong>in</strong></span> <span class='ocrx_word' id='word_1_20' title='bbox 909 694 1008 755; x_wconf 87' lang='lat' dir='ltr'><strong>tristia</strong></span> <span class='ocrx_word' id='word_1_21' title='bbox 1030 705 1136 757; x_wconf 87' lang='lat' dir='ltr'><strong>nostra</strong></span> 
     </span>
     <span class='ocr_line' id='line_1_5' title="bbox 295 776 987 852; baseline 0.001 -15"><span class='ocrx_word' id='word_1_22' title='bbox 295 776 497 837; x_wconf 74' lang='lat' dir='ltr'><strong>contribuunt</strong></span> <span class='ocrx_word' id='word_1_23' title='bbox 515 779 603 837; x_wconf 89' lang='lat' dir='ltr'><strong>fletus</strong></span> <span class='ocrx_word' id='word_1_24' title='bbox 626 779 757 835; x_wconf 86' lang='lat' dir='ltr'><strong>faemina</strong></span> <span class='ocrx_word' id='word_1_25' title='bbox 777 778 882 852; x_wconf 85' lang='lat' dir='ltr'><strong>virque</strong></span> <span class='ocrx_word' id='word_1_26' title='bbox 904 798 987 838; x_wconf 88' lang='lat' dir='ltr'><strong>suos.</strong></span> 
     </span>
    </p>

    <p class='ocr_par' dir='ltr' id='par_1_4' title="bbox 250 863 1042 939">
     <span class='ocr_line' id='line_1_6' title="bbox 250 863 1042 939; baseline 0.001 -15"><span class='ocrx_word' id='word_1_27' title='bbox 250 863 291 924; x_wconf 73' lang='lat' dir='ltr'><strong>Et</strong></span> <span class='ocrx_word' id='word_1_28' title='bbox 311 863 419 937; x_wconf 89' lang='lat' dir='ltr'><strong>quibus</strong></span> <span class='ocrx_word' id='word_1_29' title='bbox 443 864 603 923; x_wconf 80' lang='lat' dir='ltr'><strong>exstiteras</strong></span> <span class='ocrx_word' id='word_1_30' title='bbox 622 863 705 921; x_wconf 86' lang='lat' dir='ltr'><strong>vultu</strong></span> <span class='ocrx_word' id='word_1_31' title='bbox 725 863 774 921; x_wconf 86' lang='lat' dir='ltr'><strong>vel</strong></span> <span class='ocrx_word' id='word_1_32' title='bbox 795 864 918 921; x_wconf 89' lang='lat' dir='ltr'><strong>nomine</strong></span> <span class='ocrx_word' id='word_1_33' title='bbox 940 873 1042 939; x_wconf 88' lang='lat' dir='ltr'><strong>notus,</strong></span> 
     </span>
    </p>

    <p class='ocr_par' dir='ltr' id='par_1_5' title="bbox 192 947 959 1026">
     <span class='ocr_line' id='line_1_7' title="bbox 192 947 959 1026; baseline -0.001 -19"><span class='ocrx_word' id='word_1_34' title='bbox 192 952 194 961; x_wconf 82' lang='grc'>’</span> <span class='ocrx_word' id='word_1_35' title='bbox 294 947 445 1007; x_wconf 83' lang='lat' dir='ltr'><strong>Omnibus</strong></span> <span class='ocrx_word' id='word_1_36' title='bbox 463 949 605 1026; x_wconf 87' lang='lat' dir='ltr'><strong>indignus</strong></span> <span class='ocrx_word' id='word_1_37' title='bbox 617 949 777 1006; x_wconf 86' lang='lat' dir='ltr'><strong>contrahit</strong></span> <span class='ocrx_word' id='word_1_38' title='bbox 796 967 850 1006; x_wconf 88' lang='lat' dir='ltr'><strong>ora</strong></span> <span class='ocrx_word' id='word_1_39' title='bbox 866 948 959 1026; x_wconf 88' lang='lat' dir='ltr'><strong>rigor.</strong></span> 
     </span>
    </p>

    <p class='ocr_par' dir='ltr' id='par_1_6' title="bbox 250 1033 1010 1195">
     <span class='ocr_line' id='line_1_8' title="bbox 250 1033 1004 1111; baseline 0 -19"><span class='ocrx_word' id='word_1_40' title='bbox 250 1033 308 1092; x_wconf 91' lang='lat' dir='ltr'><strong>Ille</strong></span> <span class='ocrx_word' id='word_1_41' title='bbox 329 1034 424 1095; x_wconf 84' lang='lat' dir='ltr'><strong>refert</strong></span> <span class='ocrx_word' id='word_1_42' title='bbox 445 1033 526 1092; x_wconf 89' lang='lat' dir='ltr'><strong>culto</strong></span> <span class='ocrx_word' id='word_1_43' title='bbox 551 1034 650 1111; x_wconf 85' lang='lat' dir='ltr'><strong>largas</strong></span> <span class='ocrx_word' id='word_1_44' title='bbox 672 1034 703 1090; x_wconf 89' lang='lat' dir='ltr'><strong>in</strong></span> <span class='ocrx_word' id='word_1_45' title='bbox 726 1040 850 1109; x_wconf 81' lang='lat' dir='ltr'>pectore</span> <span class='ocrx_word' id='word_1_46' title='bbox 872 1034 970 1092; x_wconf 86' lang='lat' dir='ltr'><strong>dotes.</strong></span> <span class='ocrx_word' id='word_1_47' title='bbox 1000 1039 1004 1046; x_wconf 85' lang='grc'><strong><em>’</em></strong></span> 
     </span>
     <span class='ocr_line' id='line_1_9' title="bbox 292 1117 1010 1195; baseline 0.006 -20"><span class='ocrx_word' id='word_1_48' title='bbox 292 1117 383 1176; x_wconf 91' lang='lat' dir='ltr'><strong>Hunc</strong></span> <span class='ocrx_word' id='word_1_49' title='bbox 404 1119 500 1195; x_wconf 88' lang='lat' dir='ltr'><strong>tangit</strong></span> <span class='ocrx_word' id='word_1_50' title='bbox 520 1119 669 1195; x_wconf 81' lang='lat' dir='ltr'><strong>probitas,</strong></span> <span class='ocrx_word' id='word_1_51' title='bbox 691 1127 721 1174; x_wconf 89' lang='lat' dir='ltr'><strong>et</strong></span> <span class='ocrx_word' id='word_1_52' title='bbox 745 1118 812 1176; x_wconf 88' lang='lat' dir='ltr'><strong>siue</strong></span> <span class='ocrx_word' id='word_1_53' title='bbox 833 1119 902 1176; x_wconf 89' lang='lat' dir='ltr'><strong>labe</strong></span> <span class='ocrx_word' id='word_1_54' title='bbox 922 1119 1010 1179; x_wconf 88' lang='lat' dir='ltr'><strong>fides.</strong></span> 
     </span>
    </p>

    <p class='ocr_par' dir='ltr' id='par_1_7' title="bbox 250 1203 939 1347">
     <span class='ocr_line' id='line_1_10' title="bbox 250 1203 939 1280; baseline -0.001 -16"><span class='ocrx_word' id='word_1_55' title='bbox 250 1203 384 1264; x_wconf 77' lang='lat' dir='ltr'><strong>Exactcs</strong></span> <span class='ocrx_word' id='word_1_56' title='bbox 408 1203 485 1261; x_wconf 85' lang='lat' dir='ltr'><strong>alius</strong></span> <span class='ocrx_word' id='word_1_57' title='bbox 507 1222 657 1280; x_wconf 89' lang='lat' dir='ltr'><strong>generoso</strong></span> <span class='ocrx_word' id='word_1_58' title='bbox 680 1203 799 1280; x_wconf 81' lang='lat' dir='ltr'><strong>pumice</strong></span> <span class='ocrx_word' id='word_1_59' title='bbox 821 1222 939 1275; x_wconf 87' lang='lat' dir='ltr'><strong>versus,</strong></span> 
     </span>
     <span class='ocr_line' id='line_1_11' title="bbox 292 1287 905 1347; baseline 0.003 -3"><span class='ocrx_word' id='word_1_60' title='bbox 292 1287 379 1345; x_wconf 85' lang='lat' dir='ltr'><strong>Alter</strong></span> <span class='ocrx_word' id='word_1_61' title='bbox 400 1288 554 1346; x_wconf 89' lang='lat' dir='ltr'><strong>convictus</strong></span> <span class='ocrx_word' id='word_1_62' title='bbox 578 1288 678 1346; x_wconf 88' lang='lat' dir='ltr'><strong>dulcia</strong></span> <span class='ocrx_word' id='word_1_63' title='bbox 698 1289 833 1346; x_wconf 86' lang='lat' dir='ltr'><strong>membra</strong></span> <span class='ocrx_word' id='word_1_64' title='bbox 851 1290 905 1347; x_wconf 88' lang='lat' dir='ltr'><strong>tui.</strong></span> 
     </span>
    </p>

    <p class='ocr_par' dir='ltr' id='par_1_8' title="bbox 250 1369 1032 1516">
     <span class='ocr_line' id='line_1_12' title="bbox 250 1369 1032 1448; baseline 0.005 -19"><span class='ocrx_word' id='word_1_65' title='bbox 250 1369 393 1447; x_wconf 76' lang='lat' dir='ltr'><strong>Quotque</strong></span> <span class='ocrx_word' id='word_1_66' title='bbox 415 1373 459 1429; x_wconf 90' lang='lat' dir='ltr'><strong>tui</strong></span> <span class='ocrx_word' id='word_1_67' title='bbox 479 1373 578 1430; x_wconf 89' lang='lat' dir='ltr'><strong>meriti</strong></span> <span class='ocrx_word' id='word_1_68' title='bbox 599 1380 700 1448; x_wconf 82' lang='lat' dir='ltr'><strong>partes</strong></span> <span class='ocrx_word' id='word_1_69' title='bbox 723 1374 754 1429; x_wconf 94' lang='lat' dir='ltr'><strong>in</strong></span> <span class='ocrx_word' id='word_1_70' title='bbox 775 1381 875 1434; x_wconf 89' lang='lat' dir='ltr'><strong>mente</strong></span> <span class='ocrx_word' id='word_1_71' title='bbox 895 1376 1032 1448; x_wconf 83' lang='lat' dir='ltr'><strong>revolvit,</strong></span> 
     </span>
     <span class='ocr_line' id='line_1_13' title="bbox 294 1455 905 1516; baseline 0.005 -3"><span class='ocrx_word' id='word_1_72' title='bbox 294 1455 358 1514; x_wconf 87' lang='lat' dir='ltr'><strong>Tot</strong></span> <span class='ocrx_word' id='word_1_73' title='bbox 379 1457 450 1516; x_wconf 91' lang='lat' dir='ltr'><strong>iusti</strong></span> <span class='ocrx_word' id='word_1_74' title='bbox 476 1475 582 1516; x_wconf 88' lang='lat' dir='ltr'><strong>causas</strong></span> <span class='ocrx_word' id='word_1_75' title='bbox 600 1457 653 1514; x_wconf 90' lang='lat' dir='ltr'><strong>ille</strong></span> <span class='ocrx_word' id='word_1_76' title='bbox 675 1457 783 1516; x_wconf 88' lang='lat' dir='ltr'><strong>doloris</strong></span> <span class='ocrx_word' id='word_1_77' title='bbox 806 1459 905 1516; x_wconf 88' lang='lat' dir='ltr'><strong>babet.</strong></span> 
     </span>
    </p>

    <p class='ocr_par' dir='ltr' id='par_1_9' title="bbox 250 1542 1030 1705">
     <span class='ocr_line' id='line_1_14' title="bbox 250 1542 1030 1618; baseline 0.003 -17"><span class='ocrx_word' id='word_1_78' title='bbox 250 1544 310 1601; x_wconf 88' lang='lat' dir='ltr'><strong>Ast</strong></span> <span class='ocrx_word' id='word_1_79' title='bbox 328 1560 384 1618; x_wconf 89' lang='lat' dir='ltr'><strong>ego</strong></span> <span class='ocrx_word' id='word_1_80' title='bbox 404 1549 562 1601; x_wconf 87' lang='lat' dir='ltr'><strong>convertor</strong></span> <span class='ocrx_word' id='word_1_81' title='bbox 584 1542 677 1601; x_wconf 78' lang='lat' dir='ltr'><strong>facies</strong></span> <span class='ocrx_word' id='word_1_82' title='bbox 698 1543 834 1601; x_wconf 82' lang='lat' dir='ltr'><strong>diversus</strong></span> <span class='ocrx_word' id='word_1_83' title='bbox 858 1543 889 1601; x_wconf 89' lang='lat' dir='ltr'><strong>in</strong></span> <span class='ocrx_word' id='word_1_84' title='bbox 911 1560 1030 1617; x_wconf 86' lang='lat' dir='ltr'><strong>omnes,</strong></span> 
     </span>
     <span class='ocr_line' id='line_1_15' title="bbox 294 1622 980 1705; baseline 0.001 -20"><span class='ocrx_word' id='word_1_85' title='bbox 294 1622 382 1686; x_wconf 85' lang='lat' dir='ltr'><strong>Unde</strong></span> <span class='ocrx_word' id='word_1_86' title='bbox 405 1627 464 1684; x_wconf 89' lang='lat' dir='ltr'><strong>mei</strong></span> <span class='ocrx_word' id='word_1_87' title='bbox 483 1627 592 1686; x_wconf 89' lang='lat' dir='ltr'><strong>dubius</strong></span> <span class='ocrx_word' id='word_1_88' title='bbox 613 1627 753 1685; x_wconf 75' lang='lat' dir='ltr'><strong>carminis</strong></span> <span class='ocrx_word' id='word_1_89' title='bbox 778 1646 848 1686; x_wconf 88' lang='lat' dir='ltr'><strong>orsa</strong></span> <span class='ocrx_word' id='word_1_90' title='bbox 868 1637 980 1705; x_wconf 83' lang='lat' dir='ltr'><strong>petum,</strong></span> 
     </span>
    </p>

    <p class='ocr_par' dir='ltr' id='par_1_10' title="bbox 249 1710 1024 1874">
     <span class='ocr_line' id='line_1_16' title="bbox 249 1710 1024 1791; baseline 0.005 -22"><span class='ocrx_word' id='word_1_91' title='bbox 249 1710 331 1770; x_wconf 92' lang='lat' dir='ltr'><strong>Dum</strong></span> <span class='ocrx_word' id='word_1_92' title='bbox 353 1712 580 1786; x_wconf 86' lang='lat' dir='ltr'><strong>quotvirtutum</strong></span> <span class='ocrx_word' id='word_1_93' title='bbox 599 1712 690 1770; x_wconf 85' lang='lat' dir='ltr'><strong>fuerit</strong></span> <span class='ocrx_word' id='word_1_94' title='bbox 710 1713 764 1771; x_wconf 91' lang='lat' dir='ltr'><strong>tibi</strong></span> <span class='ocrx_word' id='word_1_95' title='bbox 787 1715 885 1788; x_wconf 89' lang='lat' dir='ltr'><strong>copia,</strong></span> <span class='ocrx_word' id='word_1_96' title='bbox 909 1734 1024 1791; x_wconf 88' lang='lat' dir='ltr'><strong>promo,</strong></span> 
     </span>
     <span class='ocr_line' id='line_1_17' title="bbox 292 1795 955 1874; baseline 0.005 -20"><span class='ocrx_word' id='word_1_97' title='bbox 292 1795 372 1869; x_wconf 82' lang='lat' dir='ltr'><strong>Quot</strong></span> <span class='ocrx_word' id='word_1_98' title='bbox 390 1798 513 1869; x_wconf 86' lang='lat' dir='ltr'><strong>fuerint,</strong></span> <span class='ocrx_word' id='word_1_99' title='bbox 535 1798 567 1855; x_wconf 94' lang='lat' dir='ltr'><strong>in</strong></span> <span class='ocrx_word' id='word_1_100' title='bbox 589 1805 620 1855; x_wconf 89' lang='lat' dir='ltr'><strong>te</strong></span> <span class='ocrx_word' id='word_1_101' title='bbox 647 1817 723 1874; x_wconf 88' lang='lat' dir='ltr'><strong>quae</strong></span> <span class='ocrx_word' id='word_1_102' title='bbox 745 1798 845 1856; x_wconf 87' lang='lat' dir='ltr'><strong>coiere</strong></span> <span class='ocrx_word' id='word_1_103' title='bbox 865 1800 955 1857; x_wconf 82' lang='lat' dir='ltr'><strong>bone.</strong></span> 
     </span>
    </p>

    <p class='ocr_par' dir='ltr' id='par_1_11' title="bbox 250 1879 1115 2045">
     <span class='ocr_line' id='line_1_18' title="bbox 250 1879 1115 1957; baseline 0.002 -17"><span class='ocrx_word' id='word_1_104' title='bbox 250 1879 332 1940; x_wconf 92' lang='lat' dir='ltr'><strong>Hinc</strong></span> <span class='ocrx_word' id='word_1_105' title='bbox 353 1901 401 1939; x_wconf 91' lang='lat' dir='ltr'><strong>me</strong></span> <span class='ocrx_word' id='word_1_106' title='bbox 421 1882 572 1954; x_wconf 77' lang='lat' dir='ltr'><strong>nobilitas,</strong></span> <span class='ocrx_word' id='word_1_107' title='bbox 593 1882 663 1940; x_wconf 88' lang='lat' dir='ltr'><strong>hinc</strong></span> <span class='ocrx_word' id='word_1_108' title='bbox 681 1902 729 1939; x_wconf 88' lang='lat' dir='ltr'><strong>me</strong></span> <span class='ocrx_word' id='word_1_109' title='bbox 749 1891 810 1955; x_wconf 89' lang='lat' dir='ltr'><strong>tua,</strong></span> <span class='ocrx_word' id='word_1_110' title='bbox 834 1902 950 1942; x_wconf 91' lang='lat' dir='ltr'><strong>summe</strong></span> <span class='ocrx_word' id='word_1_111' title='bbox 970 1885 1115 1957; x_wconf 80' lang='lat' dir='ltr'><strong>virorum,</strong></span> 
     </span>
     <span class='ocr_line' id='line_1_19' title="bbox 291 1965 943 2045; baseline 0.003 -21"><span class='ocrx_word' id='word_1_112' title='bbox 291 1965 408 2038; x_wconf 81' lang='lat' dir='ltr'><strong>Virtus,</strong></span> <span class='ocrx_word' id='word_1_113' title='bbox 435 1975 465 2023; x_wconf 92' lang='lat' dir='ltr'><strong>et</strong></span> <span class='ocrx_word' id='word_1_114' title='bbox 482 1967 630 2042; x_wconf 81' lang='lat' dir='ltr'><strong>probitas,</strong></span> <span class='ocrx_word' id='word_1_115' title='bbox 654 1975 683 2024; x_wconf 94' lang='lat' dir='ltr'><strong>et</strong></span> <span class='ocrx_word' id='word_1_116' title='bbox 704 1968 755 2043; x_wconf 86' lang='lat' dir='ltr'><strong>pia</strong></span> <span class='ocrx_word' id='word_1_117' title='bbox 774 1968 836 2025; x_wconf 84' lang='lat' dir='ltr'><strong>vita</strong></span> <span class='ocrx_word' id='word_1_118' title='bbox 855 1971 943 2045; x_wconf 86' lang='lat' dir='ltr'><strong>rapit.</strong></span> 
     </span>
    </p>

    <p class='ocr_par' dir='ltr' id='par_1_12' title="bbox 249 2049 1040 2213">
     <span class='ocr_line' id='line_1_20' title="bbox 249 2049 1040 2128; baseline 0.003 -19"><span class='ocrx_word' id='word_1_119' title='bbox 249 2049 330 2109; x_wconf 83' lang='lat' dir='ltr'><strong>Nam</strong></span> <span class='ocrx_word' id='word_1_120' title='bbox 354 2050 409 2109; x_wconf 90' lang='lat' dir='ltr'><strong>tibi</strong></span> <span class='ocrx_word' id='word_1_121' title='bbox 431 2069 506 2124; x_wconf 88' lang='lat' dir='ltr'><strong>quae</strong></span> <span class='ocrx_word' id='word_1_122' title='bbox 526 2051 655 2109; x_wconf 90' lang='lat' dir='ltr'><strong>sublime</strong></span> <span class='ocrx_word' id='word_1_123' title='bbox 677 2071 773 2128; x_wconf 91' lang='lat' dir='ltr'><strong>genus</strong></span> <span class='ocrx_word' id='word_1_124' title='bbox 797 2061 902 2111; x_wconf 85' lang='lat' dir='ltr'><strong>nutura</strong></span> <span class='ocrx_word' id='word_1_125' title='bbox 925 2061 1040 2126; x_wconf 89' lang='lat' dir='ltr'><strong>creato,</strong></span> 
     </span>
     <span class='ocr_line' id='line_1_21' title="bbox 292 2134 1010 2213; baseline 0.004 -21"><span class='ocrx_word' id='word_1_126' title='bbox 292 2134 378 2192; x_wconf 88' lang='lat' dir='ltr'><strong>Haec</strong></span> <span class='ocrx_word' id='word_1_127' title='bbox 398 2135 502 2193; x_wconf 82' lang='lat' dir='ltr'><strong>eedem</strong></span> <span class='ocrx_word' id='word_1_128' title='bbox 525 2155 627 2195; x_wconf 89' lang='lat' dir='ltr'><strong>mores</strong></span> <span class='ocrx_word' id='word_1_129' title='bbox 647 2137 861 2213; x_wconf 83' lang='lat' dir='ltr'><strong>ingeniumque</strong></span> <span class='ocrx_word' id='word_1_130' title='bbox 884 2139 976 2197; x_wconf 89' lang='lat' dir='ltr'><strong>dedit.</strong></span> <span class='ocrx_word' id='word_1_131' title='bbox 1005 2186 1010 2195; x_wconf 88' lang='lat'>.</span> 
     </span>
    </p>
   </div>
   <div class='ocr_carea' id='block_1_3' title="bbox 160 2222 1106 2301">
    <p class='ocr_par' dir='ltr' id='par_1_13' title="bbox 160 2222 1106 2301">
     <span class='ocr_line' id='line_1_22' title="bbox 160 2222 1106 2301; baseline 0.002 -23"><span class='ocrx_word' id='word_1_132' title='bbox 160 2286 162 2293; x_wconf 33' lang='grc' dir='ltr'>Ι</span> <span class='ocrx_word' id='word_1_133' title='bbox 249 2223 308 2278; x_wconf 90' lang='lat' dir='ltr'><strong>Ast</strong></span> <span class='ocrx_word' id='word_1_134' title='bbox 328 2238 521 2295; x_wconf 87' lang='lat' dir='ltr'><strong>quaeeunque</strong></span> <span class='ocrx_word' id='word_1_135' title='bbox 545 2222 649 2280; x_wconf 91' lang='lat' dir='ltr'><strong>domus</strong></span> <span class='ocrx_word' id='word_1_136' title='bbox 675 2222 836 2280; x_wconf 46' lang='lat' dir='ltr'><strong>fueritslux</strong></span> <span class='ocrx_word' id='word_1_137' title='bbox 858 2243 967 2301; x_wconf 85' lang='lat' dir='ltr'><strong>magna</strong></span> <span class='ocrx_word' id='word_1_138' title='bbox 988 2225 1106 2294; x_wconf 86' lang='lat' dir='ltr'><strong>beatae,</strong></span> 
     </span>
    </p>
   </div>
   <div class='ocr_carea' id='block_1_4' title="bbox 291 2305 989 2386">
    <p class='ocr_par' dir='ltr' id='par_1_14' title="bbox 291 2305 989 2386">
     <span class='ocr_line' id='line_1_23' title="bbox 291 2305 989 2386; baseline 0.006 -24"><span class='ocrx_word' id='word_1_139' title='bbox 291 2305 411 2382; x_wconf 85' lang='lat' dir='ltr'><strong>Ingenii</strong></span> <span class='ocrx_word' id='word_1_140' title='bbox 431 2306 546 2365; x_wconf 89' lang='lat' dir='ltr'><strong>dociles</strong></span> <span class='ocrx_word' id='word_1_141' title='bbox 569 2327 627 2364; x_wconf 92' lang='lat' dir='ltr'><strong>non</strong></span> <span class='ocrx_word' id='word_1_142' title='bbox 649 2314 750 2365; x_wconf 85' lang='lat' dir='ltr'><strong>tamen</strong></span> <span class='ocrx_word' id='word_1_143' title='bbox 772 2318 881 2383; x_wconf 89' lang='lat' dir='ltr'><strong>aequat</strong></span> <span class='ocrx_word' id='word_1_144' title='bbox 897 2328 989 2386; x_wconf 86' lang='lat' dir='ltr'><strong>opes.</strong></span> 
     </span>
    </p>
   </div>
   <div class='ocr_carea' id='block_1_5' title="bbox 144 2390 1080 2471">
    <p class='ocr_par' dir='ltr' id='par_1_15' title="bbox 144 2390 1080 2471">
     <span class='ocr_line' id='line_1_24' title="bbox 144 2390 1080 2471; baseline 0.001 -22"><span class='ocrx_word' id='word_1_145' title='bbox 144 2395 146 2399; x_wconf 83' lang='grc'><strong>’</strong></span> <span class='ocrx_word' id='word_1_146' title='bbox 249 2390 307 2449; x_wconf 80' lang='lat' dir='ltr'><strong>Est</strong></span> <span class='ocrx_word' id='word_1_147' title='bbox 326 2390 449 2465; x_wconf 88' lang='lat' dir='ltr'><strong>aliquid,</strong></span> <span class='ocrx_word' id='word_1_148' title='bbox 473 2391 587 2462; x_wconf 78' lang='lat' dir='ltr'><strong>fateor3</strong></span> <span class='ocrx_word' id='word_1_149' title='bbox 610 2393 707 2450; x_wconf 88' lang='lat' dir='ltr'><strong>clarae</strong></span> <span class='ocrx_word' id='word_1_150' title='bbox 729 2410 806 2466; x_wconf 87' lang='lat' dir='ltr'><strong>quae</strong></span> <span class='ocrx_word' id='word_1_151' title='bbox 827 2395 926 2471; x_wconf 89' lang='lat' dir='ltr'><strong>gentis</strong></span> <span class='ocrx_word' id='word_1_152' title='bbox 948 2396 985 2452; x_wconf 90' lang='lat' dir='ltr'><strong>ab</strong></span> <span class='ocrx_word' id='word_1_153' title='bbox 1010 2400 1080 2450; x_wconf 85' lang='lat' dir='ltr'><strong>ortu</strong></span> 
     </span>
    </p>
   </div>
   <div class='ocr_carea' id='block_1_6' title="bbox 292 2476 990 2556">
    <p class='ocr_par' dir='ltr' id='par_1_16' title="bbox 292 2476 990 2556">
     <span class='ocr_line' id='line_1_25' title="bbox 292 2476 990 2556; baseline 0.006 -23"><span class='ocrx_word' id='word_1_154' title='bbox 292 2476 389 2535; x_wconf 89' lang='lat' dir='ltr'><strong>Missa</strong></span> <span class='ocrx_word' id='word_1_155' title='bbox 407 2495 464 2553; x_wconf 83' lang='lat' dir='ltr'><strong>per</strong></span> <span class='ocrx_word' id='word_1_156' title='bbox 481 2477 653 2535; x_wconf 87' lang='lat' dir='ltr'><strong>innumeros</strong></span> <span class='ocrx_word' id='word_1_157' title='bbox 676 2478 774 2555; x_wconf 88' lang='lat' dir='ltr'><strong>gloria</strong></span> <span class='ocrx_word' id='word_1_158' title='bbox 790 2478 886 2556; x_wconf 83' lang='lat' dir='ltr'><strong>fulget</strong></span> <span class='ocrx_word' id='word_1_159' title='bbox 908 2499 990 2551; x_wconf 88' lang='lat' dir='ltr'><strong>avos,</strong></span> 
     </span>
    </p>
   </div>
   <div class='ocr_carea' id='block_1_7' title="bbox 145 2561 1033 2642">
    <p class='ocr_par' dir='ltr' id='par_1_17' title="bbox 145 2561 1033 2642">
     <span class='ocr_line' id='line_1_26' title="bbox 145 2561 1033 2642; baseline 0.001 -22"><span class='ocrx_word' id='word_1_160' title='bbox 145 2600 148 2605; x_wconf 68' lang='grc'><strong>»</strong></span> <span class='ocrx_word' id='word_1_161' title='bbox 249 2561 291 2620; x_wconf 84' lang='lat' dir='ltr'><strong>Et</strong></span> <span class='ocrx_word' id='word_1_162' title='bbox 310 2561 398 2618; x_wconf 89' lang='lat' dir='ltr'><strong>nitidi</strong></span> <span class='ocrx_word' id='word_1_163' title='bbox 421 2563 543 2639; x_wconf 85' lang='lat' dir='ltr'><strong>generis</strong></span> <span class='ocrx_word' id='word_1_164' title='bbox 563 2564 673 2622; x_wconf 89' lang='lat' dir='ltr'><strong>seriem</strong></span> <span class='ocrx_word' id='word_1_165' title='bbox 693 2564 841 2621; x_wconf 88' lang='lat' dir='ltr'><strong>deducere</strong></span> <span class='ocrx_word' id='word_1_166' title='bbox 861 2565 982 2642; x_wconf 84' lang='lat' dir='ltr'><strong>longam</strong></span> <span class='ocrx_word' id='word_1_167' title='bbox 1030 2582 1033 2593; x_wconf 87' lang='grc'><strong>’</strong></span> 
     </span>
    </p>
   </div>
   <div class='ocr_carea' id='block_1_8' title="bbox 180 2646 1097 3642">
    <p class='ocr_par' dir='ltr' id='par_1_18' title="bbox 180 2646 1097 3642">
     <span class='ocr_line' id='line_1_27' title="bbox 293 2646 835 2722; baseline 0.009 -20"><span class='ocrx_word' id='word_1_168' title='bbox 293 2646 322 2703; x_wconf 81' lang='grc' dir='ltr'><strong>Α</strong></span> <span class='ocrx_word' id='word_1_169' title='bbox 343 2647 460 2722; x_wconf 86' lang='lat' dir='ltr'><strong>magnis</strong></span> <span class='ocrx_word' id='word_1_170' title='bbox 483 2654 550 2705; x_wconf 86' lang='lat' dir='ltr'><strong>orte</strong></span> <span class='ocrx_word' id='word_1_171' title='bbox 571 2648 729 2706; x_wconf 88' lang='lat' dir='ltr'><strong>nobilitate</strong></span> <span class='ocrx_word' id='word_1_172' title='bbox 753 2649 835 2708; x_wconf 90' lang='lat' dir='ltr'><strong>viris.</strong></span> 
     </span>
     <span class='ocr_line' id='line_1_28' title="bbox 251 2729 989 2810; baseline 0.001 -18"><span class='ocrx_word' id='word_1_173' title='bbox 251 2729 313 2792; x_wconf 87' lang='lat' dir='ltr'><strong>Sed</strong></span> <span class='ocrx_word' id='word_1_174' title='bbox 331 2731 427 2789; x_wconf 87' lang='lat' dir='ltr'><strong>maior</strong></span> <span class='ocrx_word' id='word_1_175' title='bbox 449 2731 515 2791; x_wconf 84' lang='lat' dir='ltr'><strong>leus</strong></span> <span class='ocrx_word' id='word_1_176' title='bbox 537 2741 585 2790; x_wconf 90' lang='lat' dir='ltr'><strong>est</strong></span> <span class='ocrx_word' id='word_1_177' title='bbox 605 2733 701 2792; x_wconf 89' lang='lat' dir='ltr'><strong>titulis</strong></span> <span class='ocrx_word' id='word_1_178' title='bbox 721 2753 739 2790; x_wconf 91' lang='lat' dir='ltr'><strong>a</strong></span> <span class='ocrx_word' id='word_1_179' title='bbox 762 2743 863 2791; x_wconf 90' lang='lat' dir='ltr'><strong>mente</strong></span> <span class='ocrx_word' id='word_1_180' title='bbox 886 2734 989 2810; x_wconf 89' lang='lat' dir='ltr'><strong>petitis</strong></span> 
     </span>
     <span class='ocr_line' id='line_1_29' title="bbox 291 2813 1053 2895; baseline -0.001 -20"><span class='ocrx_word' id='word_1_181' title='bbox 291 2813 365 2875; x_wconf 83' lang='lat' dir='ltr'><strong>Non</strong></span> <span class='ocrx_word' id='word_1_182' title='bbox 386 2817 485 2875; x_wconf 89' lang='lat' dir='ltr'><strong>sinere</strong></span> <span class='ocrx_word' id='word_1_183' title='bbox 505 2817 659 2894; x_wconf 84' lang='lat' dir='ltr'><strong>ingenium</strong></span> <span class='ocrx_word' id='word_1_184' title='bbox 683 2819 786 2894; x_wconf 83' lang='lat' dir='ltr'><strong>stirpis</strong></span> <span class='ocrx_word' id='word_1_185' title='bbox 811 2820 929 2877; x_wconf 91' lang='lat' dir='ltr'><strong>honore</strong></span> <span class='ocrx_word' id='word_1_186' title='bbox 948 2819 1053 2895; x_wconf 91' lang='lat' dir='ltr'><strong>premi.</strong></span> 
     </span>
     <span class='ocr_line' id='line_1_30' title="bbox 250 2899 1097 2980; baseline 0.005 -24"><span class='ocrx_word' id='word_1_187' title='bbox 250 2899 299 2957; x_wconf 86' lang='lat' dir='ltr'><strong>Tu</strong></span> <span class='ocrx_word' id='word_1_188' title='bbox 322 2920 439 2977; x_wconf 86' lang='lat' dir='ltr'><strong>quoque</strong></span> <span class='ocrx_word' id='word_1_189' title='bbox 463 2921 553 2978; x_wconf 89' lang='lat' dir='ltr'><strong>quum</strong></span> <span class='ocrx_word' id='word_1_190' title='bbox 575 2922 687 2980; x_wconf 87' lang='lat' dir='ltr'><strong>posses</strong></span> <span class='ocrx_word' id='word_1_191' title='bbox 710 2904 827 2961; x_wconf 88' lang='lat' dir='ltr'><strong>censeri</strong></span> <span class='ocrx_word' id='word_1_192' title='bbox 852 2904 940 2962; x_wconf 88' lang='lat' dir='ltr'><strong>laude</strong></span> <span class='ocrx_word' id='word_1_193' title='bbox 966 2912 1097 2975; x_wconf 87' lang='lat' dir='ltr'><strong>tuorum,</strong></span> 
     </span>
     <span class='ocr_line' id='line_1_31' title="bbox 291 2988 1002 3064; baseline 0.006 -22"><span class='ocrx_word' id='word_1_194' title='bbox 291 2988 438 3046; x_wconf 87' lang='lat' dir='ltr'><strong>Auctores</strong></span> <span class='ocrx_word' id='word_1_195' title='bbox 461 2989 582 3064; x_wconf 86' lang='lat' dir='ltr'><strong>generis</strong></span> <span class='ocrx_word' id='word_1_196' title='bbox 605 3007 681 3063; x_wconf 91' lang='lat' dir='ltr'><strong>quos</strong></span> <span class='ocrx_word' id='word_1_197' title='bbox 704 2995 773 3046; x_wconf 86' lang='lat' dir='ltr'><strong>tuus</strong></span> <span class='ocrx_word' id='word_1_198' title='bbox 796 2998 879 3047; x_wconf 88' lang='lat' dir='ltr'><strong>ortus</strong></span> <span class='ocrx_word' id='word_1_199' title='bbox 902 2990 1002 3061; x_wconf 89' lang='lat' dir='ltr'><strong>habet,</strong></span> 
     </span>
     <span class='ocr_line' id='line_1_32' title="bbox 180 3067 1065 3151; baseline 0.003 -25"><span class='ocrx_word' id='word_1_200' title='bbox 180 3077 181 3080; x_wconf 75' lang='grc'>’</span> <span class='ocrx_word' id='word_1_201' title='bbox 249 3067 300 3127; x_wconf 86' lang='lat' dir='ltr'><strong>Ne</strong></span> <span class='ocrx_word' id='word_1_202' title='bbox 321 3078 372 3127; x_wconf 89' lang='lat' dir='ltr'><strong>tua</strong></span> <span class='ocrx_word' id='word_1_203' title='bbox 393 3091 449 3148; x_wconf 93' lang='lat' dir='ltr'><strong>per</strong></span> <span class='ocrx_word' id='word_1_204' title='bbox 470 3091 595 3151; x_wconf 87' lang='lat' dir='ltr'><strong>segnem</strong></span> <span class='ocrx_word' id='word_1_205' title='bbox 616 3082 785 3130; x_wconf 79' lang='lat' dir='ltr'><strong>metuerent</strong></span> <span class='ocrx_word' id='word_1_206' title='bbox 804 3083 942 3151; x_wconf 84' lang='lat' dir='ltr'><strong>tempora</strong></span> <span class='ocrx_word' id='word_1_207' title='bbox 963 3075 1065 3145; x_wconf 84' lang='lat' dir='ltr'><strong>vitam,</strong></span> 
     </span>
     <span class='ocr_line' id='line_1_33' title="bbox 295 3153 852 3218; baseline 0.004 -3"><span class='ocrx_word' id='word_1_208' title='bbox 295 3153 437 3215; x_wconf 86' lang='lat' dir='ltr'><strong>Sucrasti·</strong></span> <span class='ocrx_word' id='word_1_209' title='bbox 447 3159 556 3217; x_wconf 91' lang='lat' dir='ltr'><strong>Aoniis</strong></span> <span class='ocrx_word' id='word_1_210' title='bbox 579 3159 641 3216; x_wconf 86' lang='lat' dir='ltr'><strong>otia</strong></span> <span class='ocrx_word' id='word_1_211' title='bbox 658 3164 724 3214; x_wconf 88' lang='lat' dir='ltr'><strong>tuta</strong></span> <span class='ocrx_word' id='word_1_212' title='bbox 740 3158 852 3218; x_wconf 89' lang='lat' dir='ltr'><strong>choris.</strong></span> 
     </span>
     <span class='ocr_line' id='line_1_34' title="bbox 249 3239 957 3321; baseline 0.004 -23"><span class='ocrx_word' id='word_1_213' title='bbox 249 3240 337 3298; x_wconf 87' lang='lat' dir='ltr'><strong>Tunc</strong></span> <span class='ocrx_word' id='word_1_214' title='bbox 358 3239 502 3300; x_wconf 80' lang='lat' dir='ltr'><strong>Cirrhaea</strong></span> <span class='ocrx_word' id='word_1_215' title='bbox 523 3262 578 3302; x_wconf 92' lang='lat' dir='ltr'><strong>suo</strong></span> <span class='ocrx_word' id='word_1_216' title='bbox 600 3249 761 3318; x_wconf 87' lang='lat' dir='ltr'><strong>patuerunt</strong></span> <span class='ocrx_word' id='word_1_217' title='bbox 780 3245 864 3321; x_wconf 89' lang='lat' dir='ltr'><strong>orgia</strong></span> <span class='ocrx_word' id='word_1_218' title='bbox 887 3245 957 3316; x_wconf 86' lang='lat' dir='ltr'><strong>vati,</strong></span> 
     </span>
     <span class='ocr_line' id='line_1_35' title="bbox 292 3326 905 3406; baseline 0.005 -22"><span class='ocrx_word' id='word_1_219' title='bbox 292 3326 332 3384; x_wconf 89' lang='lat' dir='ltr'><strong>Et</strong></span> <span class='ocrx_word' id='word_1_220' title='bbox 351 3327 405 3386; x_wconf 90' lang='lat' dir='ltr'><strong>tibi</strong></span> <span class='ocrx_word' id='word_1_221' title='bbox 430 3327 467 3384; x_wconf 91' lang='lat' dir='ltr'><strong>de</strong></span> <span class='ocrx_word' id='word_1_222' title='bbox 491 3327 579 3385; x_wconf 88' lang='lat' dir='ltr'><strong>viridi</strong></span> <span class='ocrx_word' id='word_1_223' title='bbox 598 3327 676 3384; x_wconf 89' lang='lat' dir='ltr'><strong>lecta</strong></span> <span class='ocrx_word' id='word_1_224' title='bbox 696 3344 807 3385; x_wconf 88' lang='lat' dir='ltr'><strong>corona</strong></span> <span class='ocrx_word' id='word_1_225' title='bbox 825 3329 905 3406; x_wconf 90' lang='lat' dir='ltr'><strong>iugo.</strong></span> 
     </span>
     <span class='ocr_line' id='line_1_36' title="bbox 250 3410 929 3491; baseline 0.001 -22"><span class='ocrx_word' id='word_1_226' title='bbox 250 3410 353 3469; x_wconf 86' lang='lat' dir='ltr'><strong>Prima</strong></span> <span class='ocrx_word' id='word_1_227' title='bbox 371 3412 426 3470; x_wconf 93' lang='lat' dir='ltr'><strong>tibi</strong></span> <span class='ocrx_word' id='word_1_228' title='bbox 447 3412 530 3469; x_wconf 89' lang='lat' dir='ltr'><strong>facili</strong></span> <span class='ocrx_word' id='word_1_229' title='bbox 551 3411 658 3469; x_wconf 90' lang='lat' dir='ltr'><strong>ludens</strong></span> <span class='ocrx_word' id='word_1_230' title='bbox 679 3412 786 3491; x_wconf 84' lang='lat' dir='ltr'><strong>Elegia</strong></span> <span class='ocrx_word' id='word_1_231' title='bbox 807 3414 929 3471; x_wconf 81' lang='lat' dir='ltr'><strong>iuventa</strong></span> 
     </span>
     <span class='ocr_line' id='line_1_37' title="bbox 292 3495 1050 3574; baseline 0.004 -22"><span class='ocrx_word' id='word_1_232' title='bbox 292 3495 394 3553; x_wconf 82' lang='lat' dir='ltr'><strong>Dictat</strong></span> <span class='ocrx_word' id='word_1_233' title='bbox 415 3496 447 3552; x_wconf 87' lang='lat' dir='ltr'><strong>iu</strong></span> <span class='ocrx_word' id='word_1_234' title='bbox 470 3497 601 3554; x_wconf 87' lang='lat' dir='ltr'><strong>alternos</strong></span> <span class='ocrx_word' id='word_1_235' title='bbox 624 3498 715 3555; x_wconf 84' lang='lat' dir='ltr'><strong>verba</strong></span> <span class='ocrx_word' id='word_1_236' title='bbox 735 3505 839 3557; x_wconf 85' lang='lat' dir='ltr'><strong>coacta</strong></span> <span class='ocrx_word' id='word_1_237' title='bbox 857 3499 968 3574; x_wconf 88' lang='lat' dir='ltr'><strong>pedes:</strong></span> <span class='ocrx_word' id='word_1_238' title='bbox 1046 3518 1050 3527; x_wconf 69' lang='lat'>¹</span> 
     </span>
     <span class='ocr_line' id='line_1_38' title="bbox 250 3579 996 3642; baseline 0.007 -5"><span class='ocrx_word' id='word_1_239' title='bbox 250 3579 290 3637; x_wconf 83' lang='lat' dir='ltr'><strong>Et</strong></span> <span class='ocrx_word' id='word_1_240' title='bbox 310 3580 366 3638; x_wconf 90' lang='lat' dir='ltr'><strong>tibi</strong></span> <span class='ocrx_word' id='word_1_241' title='bbox 387 3580 550 3640; x_wconf 88' lang='lat' dir='ltr'><strong>subiiciens</strong></span> <span class='ocrx_word' id='word_1_242' title='bbox 571 3581 690 3641; x_wconf 78' lang='lat' dir='ltr'><strong>blandis</strong></span> <span class='ocrx_word' id='word_1_243' title='bbox 711 3583 850 3641; x_wconf 85' lang='lat' dir='ltr'><strong>incendia</strong></span> <span class='ocrx_word' id='word_1_244' title='bbox 867 3583 996 3642; x_wconf 87' lang='lat' dir='ltr'><strong>flammis</strong></span> 
     </span>
    </p>
   </div>
   <div class='ocr_carea' id='block_1_9' title="bbox 0 0 1256 4218">
    <p class='ocr_par' dir='ltr' id='par_1_19' title="bbox 0 0 1256 4218">
     <span class='ocr_line' id='line_1_39' title="bbox 0 0 1256 4218; baseline 0 0"><span class='ocrx_word' id='word_1_245' title='bbox 0 0 1256 4218; x_wconf 95' lang='lat' dir='ltr'><strong> </strong></span> 
     </span>
    </p>
   </div>
  </div>
 </body>
</html>
