2604 4210
517 353 669 447 —ass—

134 525 291 585 Murmura
307 520 441 599 pulvinis
461 521 549 598 ripae
574 519 739 578 alludentia
759 520 921 598 frangens:

136 610 237 684 Atque
258 605 412 665 exercitiis
435 605 519 665 sudis
542 604 701 681 pellaeibu'
726 604 846 676 ludens,

134 692 277 752 Navibus
288 690 451 763 exultans,
477 709 627 766 pecorosa
648 690 718 749 losa
738 689 862 747 humida
882 689 1026 749 lustrans.

137 779 166 839 Ο
190 787 287 837 mater
305 775 446 848 Veneris,
472 775 651 834 nebularum
671 781 768 832 mater
790 781 942 847 ovantum,

135 864 177 923 Et
197 862 327 921 fontium
350 860 556 938 omnigenum,
577 860 741 934 liquentum
764 860 907 918 suavibus
929 859 1036 918 undis:

136 948 207 1009 Hue
230 947 314 1006 adsis
335 946 437 1018 nobis,
457 954 488 1004 et
507 942 620 1005 blanda
641 945 771 1002 illabere.
787 944 879 1014 votis,

135 1033 276 1093 Navibus
295 1031 458 1091 immittens
483 1031 650 1089 animarum
673 1030 796 1087 flamina
818 1028 902 1088 suda.

157 1258 160 1263 ,
343 1203 458 1259 Terenti
484 1200 569 1259 Consi
587 1202 727 1276 suffimen,
748 1218 856 1256 murra.
1009 1197 1049 1256 22

138 1289 167 1349 Ο
190 1287 242 1362 qui
266 1285 351 1343 salsa
371 1292 462 1345 tenes,
480 1285 586 1361 liquidi
606 1285 777 1362 penetralia
797 1282 911 1355 mundi,

137 1371 363 1448 Quinquaginta
384 1389 445 1427 una
464 1372 552 1448 pusis
576 1390 631 1447 per
653 1369 773 1428 caerula
793 1368 941 1446 gaudens,

137 1451 276 1518 Goetibu'
297 1455 456 1534 virgineis,
475 1457 581 1533 genius
604 1456 697 1514 maris
716 1455 794 1513 alme
817 1454 964 1512 Terente:

136 1542 315 1602 Fundamen
338 1536 436 1612 mari’,
459 1560 564 1618 margo
584 1549 694 1613 terrae,
704 1540 884 1616 principium
903 1539 1049 1596 omnium:

137 1627 201 1704 Qui
221 1626 331 1685 moliri'
355 1632 467 1684 statum
482 1634 592 1698 terrae,
612 1645 679 1683 oum
702 1625 817 1682 scilieet
838 1642 923 1703 arses

136 1714 174 1771 In
196 1712 297 1770 naveis
322 1711 392 1768 olim
412 1709 607 1788 indignantes
632 1728 783 1767 murmure
804 1707 931 1766 Cauros.

137 1796 201 1858 Sed
222 1803 323 1856 motus
343 1805 442 1853 terrae
464 1814 641 1867 averrunoa,
664 1801 694 1852 et
714 1795 797 1852 mitte
819 1793 966 1851 ministris

136 1882 338 1955 Fluminibus,
358 1897 524 1957 pacemque
546 1887 576 1937 et
598 1898 685 1957 opes,
703 1878 855 1955 ditemque
878 1878 1017 1937 salutem.
1051 1881 1053 1885 ’

252 2049 441 2109 Salodurum
460 2050 619 2108 Nerienem
638 2032 778 2125 suffimen,
798 2059 939 2108 aromata.
1010 2050 1051 2110 23

138 2136 251 2195 Pullae
274 2135 443 2206 caeruleae,
463 2134 571 2208 liquidi
591 2152 667 2211 gens
689 2133 802 2192 blanda
820 2133 956 2208 Terenti,

138 2220 318 2293 Aedioolae,
340 2220 459 2292 Latiae,
481 2219 686 2293 ludicraeque,
709 2220 862 2278 fluitantes
869 2240 878 2292 3

139 2306 368 2384 Quinquaginta
386 2322 468 2382 vago
486 2305 638 2362 fatuantes
662 2322 812 2364 marmore
831 2308 926 2381 pusae

139 2393 300 2450 Tritonum
324 2409 427 2449 eurrus
449 2396 601 2447 sectantes
623 2407 714 2465 pone,
736 2390 888 2447 inhiantes

140 2476 301 2539 Semiferis
325 2474 433 2535 Geniis
453 2492 527 2549 quos
547 2474 660 2532 vitreus
681 2473 788 2532 educat
804 2475 928 2533 humor:

139 2566 240 2638 Atque
260 2561 329 2620 aliis
352 2560 521 2637 qninnnque
541 2558 645 2616 colunt
664 2556 811 2632 liquentia
831 2567 941 2632 eastra,

140 2647 323 2719 Undieolae,
343 2645 431 2717 Salii,
452 2644 618 2702 lustrantes
642 2643 765 2719 agmina
786 2662 941 2718 aquarum,

139 2732 304 2809 Undivagi,
326 2730 433 2805 liquidi
455 2728 613 2806 Delphini,
635 2727 743 2805 glauca
764 2737 894 2802 tuentes,

140 2819 203 2876 Vos
222 2838 276 2877 oro
298 2835 438 2894 magnam
461 2833 568 2890 copem
586 2833 651 2872 rem
674 2822 751 2892 nette
773 2812 921 2875 Camillis.

139 2902 221 2962 Nam
243 2922 299 2962 vos
322 2902 401 2960 festa
419 2901 565 2978 coegistis
586 2898 715 2959 Comitia
736 2900 851 2977 primae

140 2989 245 3047 Liberi
266 2987 397 3064 augusti,
419 2994 449 3044 et
469 2986 600 3044 Liberae
626 2985 777 3063 augustei,

140 3073 270 3132 Lucinia
288 3091 355 3131 oum
376 3079 481 3144 matre,
504 3079 533 3129 et
555 3071 733 3148 Apollinare
753 3070 962 3146 induperante.

339 3246 410 3302 Iuni
431 3243 508 3300 Mati
528 3243 668 3318 auffimen,
690 3253 841 3301 storacem.
1011 3239 1050 3298 24

141 3328 188 3386 Te
210 3330 276 3388 culo
295 3337 422 3387 naturae
445 3326 546 3386 salsae
566 3328 679 3385 Maium
700 3329 912 3398 aedituentem,

141 3414 357 3492 Primigenam,
379 3413 430 3490 qui
450 3419 588 3469 naturam
612 3413 672 3489 egit
689 3413 722 3471 in
744 3415 831 3473 ordia
849 3412 959 3489 prima,

142 3499 335 3559 Omnimodis
353 3507 473 3563 mutans
496 3514 583 3555 saera
605 3497 729 3555 foedera
752 3498 901 3569 materiai,

140 3583 283 3664 Famiger
308 3594 339 3643 et
360 3581 536 3655 Consentis,
557 3580 672 3642 callens
695 3584 798 3641 omnia
819 3602 896 3658 quae
917 3589 997 3655 sunt,
