2532 4216
621 345 772 440 ’.73-

242 513 424 574 castanidas
446 531 601 590 proceres,
625 515 732 575 Martis
753 513 1034 590 virtuteipotentes,

241 601 282 659 nt
298 599 371 679 belli
395 598 495 658 claros
515 598 636 673 studiis,
664 588 723 676 duo
744 607 879 674 tempore
900 599 977 659 fines
1021 637 1024 645 ·

241 684 359 762 Anglus
382 682 562 744 Santonioos
585 683 660 742 dura
684 684 799 743 ditione
819 684 996 759 premebat?

242 769 346 829 Testis
370 768 501 827 Vultona
522 787 566 841 es,
592 771 747 845 refluoque
767 766 937 828 carentem
954 768 1092 846 lympha,

242 853 344 915 Caede
367 853 536 915 Caledonia
557 852 668 913 vitreos
689 855 801 913 infecte
818 853 959 928 liquores.

241 938 323 998 Hinc
344 957 485 1016 sparsum
506 956 601 1016 genus
624 947 680 998 est.
701 941 742 998 At
763 956 815 997 eos
837 956 944 1015 cepere
957 940 1144 1018 propinquis

241 1024 380 1084 Pictoris
402 1024 473 1082 hinc
490 1023 594 1096 tellus,
622 1024 692 1088 hinc
711 1023 802 1083 tellus
826 1023 959 1083 Turonis
980 1024 1054 1098 orie,

242 1110 373 1169 Turonis
395 1110 579 1184 armipotens
595 1107 750 1168 Celtarum
769 1108 868 1185 gentis
894 1102 1021 1183 ocellus,

241 1194 380 1272 Ingeniis
399 1193 530 1270 pollens,
550 1201 581 1251 et
599 1193 700 1255 divitis
723 1194 816 1252 ubere
841 1193 959 1270 glebae.

241 1279 302 1339 Hic
322 1280 422 1356 prima
439 1279 569 1338 hausisti
592 1279 734 1355 genitalis
757 1278 874 1336 lumina
892 1279 982 1352 caeli,

242 1364 313 1440 Qua
329 1371 470 1441 regnator
490 1381 589 1439 aquas
611 1383 721 1440 presso
741 1364 809 1422 fluit
829 1364 951 1440 agmins
973 1363 1091 1440 Oresa,-

241 1448 282 1508 Et
301 1448 408 1507 turrita
423 1448 508 1507 lavat
528 1448 639 1506 Posaei
659 1438 778 1507 moenia
798 1446 909 1507 Caetri.

240 1532 303 1592 Hic
324 1533 379 1592 tibi
398 1533 523 1592 faelices
546 1533 719 1593 cecinerunt
739 1535 842 1594 omina
857 1533 988 1606 Parcae,

241 1618 282 1678 Et
304 1618 413 1678 melior
433 1619 538 1678 niveos
559 1619 697 1677 oneravit
716 1637 849 1695 purpure
868 1619 964 1692 fusos,

241 1702 284 1763 Ut
305 1713 419 1780 quanto
439 1704 556 1780 patrias
577 1705 677 1781 patria
700 1706 775 1762 haec
796 1705 1004 1780 supereminet
1024 1706 1135 1780 almas,

242 1789 342 1847 Tanto
363 1797 395 1847 tu
416 1790 534 1868 meritis>
558 1791 689 1849 anteiree
713 1790 855 1849 omnibus
878 1808 993 1849 omnes.

241 1872 325 1951 Ergo
345 1874 512 1934 lacessenti
539 1875 644 1949 primis
668 1875 819 1952 vagitibus
841 1892 931 1939 auras

241 1958 357 2016 Infanti
377 1959 523 2036 ingenuos
544 1959 732 2018 instillavere
748 1961 882 2034 liquores

242 2041 467 2121 castigatorum
486 2062 615 2116 morum,
639 2064 694 2120 pro
715 2045 793 2102 lacte
818 2044 944 2120 tepenti,

242 2126 374 2190 Sanctae
395 2128 539 2199 nutrices,
563 2129 714 2187 Virtutum
738 2129 891 2188 exercitus
914 2128 1019 2187 omnis*

242 2210 328 2272 Cana
346 2213 451 2286 Fides,
470 2212 616 2288 Fideique
639 2233 726 2273 soror
747 2212 928 2275 Constantia
948 2214 1043 2290 virgo,

242 2296 491 2374 Temperiesque,
515 2305 545 2355 et
562 2299 697 2357 iustitiae
720 2299 890 2358 Prudentia
908 2305 1022 2357 custos.

240 2382 316 2441 Inde
337 2382 522 2461 Magisteriie
546 2392 631 2443 aetas
652 2385 783 2442 formata
805 2384 940 2443 Deorum

240 2469 368 2546 Accepit
381 2469 465 2528 tales
490 2469 602 2527 exculti
622 2470 757 2547 pectoris
781 2478 898 2541 auctus,

242 2553 342 2628 Quale
363 2554 432 2614 tuis>
445 2555 533 2630 ipsae
555 2555 604 2612 lac
625 2555 801 2615 immulsere
821 2554 954 2612 labellis.

241 2637 284 2698 Ut
306 2657 385 2714 quae
405 2639 459 2698 vix
481 2639 529 2697 fas
552 2648 600 2698 est
620 2641 756 2717 partitim
779 2639 901 2717 singula
920 2637 1072 2713 habere[‚]

240 2723 277 2781 In
294 2730 324 2781 te
347 2723 526 2801 coniunctim
546 2726 683 2797 fluerent,
705 2744 823 2800 unoque
844 2731 968 2800 recepta

238 2807 371 2869 Pectore
393 2809 535 2869 virtutum
556 2811 687 2888 collegia
706 2812 802 2868 mixta
824 2810 947 2869 coirent.

239 2890 322 2953 Nam
345 2894 425 2970 quod
445 2894 552 2971 vulgus
572 2897 665 2968 iners,
687 2904 717 2952 et
741 2895 840 2959 adhuc
856 2892 986 2953 rationis
1007 2911 1137 2970 egenum

239 2976 292 3037 Nil
317 2987 409 3055 putat
423 2998 494 3038 esse
516 2980 580 3038 fero
602 2980 722 3039 blandis
743 2998 810 3037 cum
833 2981 931 3039 Marte
952 2976 1109 3051 Camenis,

241 3062 289 3121 Tu
311 3082 378 3122 cum
399 3066 497 3123 Marte
519 3067 586 3124 fero
609 3066 792 3123 commercia
814 3065 928 3129 blanda·
944 3082 1084 3125 sororum
1146 3096 1152 3107 ι

239 3147 324 3207 Inter
345 3169 381 3210 ee
401 3150 524 3226 placida
544 3150 809 3226 consanguinitate
831 3149 953 3228 iugasti,
995 3186 997 3191 ·

239 3234 408 3309 Musarum,
430 3237 476 3294 vir
497 3254 617 3312 magne,
640 3235 737 3311 prior,
763 3235 876 3294 belline
898 3236 1037 3294 laborum

241 3318 410 3393 Laudibus,
432 3322 621 3398 ambiguum:
645 3319 701 3378 sed
723 3327 803 3378 certe
825 3338 954 3397 magnus
977 3321 1138 3395 utroquo

239 3402 307 3462 Nec
328 3413 358 3464 te
380 3404 536 3464 Nobilitas
558 3413 662 3463 custos
685 3405 795 3465 erroris
818 3405 892 3463 aviti

240 3488 350 3551 Traxit
368 3489 400 3548 in
425 3489 610 3566 exemplum,
634 3489 713 3567 legis
735 3509 813 3564 quae
836 3489 925 3551 vertit
944 3489 976 3547 in
993 3507 1087 3548 nsum

239 3572 294 3634 Nil
317 3575 406 3647 scire,
434 3581 464 3631 et
485 3574 610 3635 rudibus
635 3574 990 3635 transmittereonltibos
1011 3592 1131 3633 aarum.
