2604 4210
548 340 607 400 381

120 506 316 580 Undiflneus,
338 515 370 565 et
386 527 461 565 rava
483 515 583 582 tuens,
604 509 783 586 agitansque
804 509 979 587 quadrigas,

120 591 380 669 Expergclaciens
404 601 514 670 vegeto
536 594 615 652 vada
635 594 719 653 salsa
738 601 884 653 tremorez

121 677 229 735 Tertia
249 678 322 752 quoi
344 678 421 736 sorti
443 677 535 738 cessit
557 678 652 736 tutela
671 679 799 750 marina,

122 761 328 839 Scamigerum
348 781 426 839 pecu
447 781 564 834 amans,
580 770 611 821 et
625 782 720 838 aquas
737 763 816 835 sali’,
828 762 948 821 caerula
959 761 1033 822 Die:

122 846 205 908 Siste
225 855 336 929 statum
357 849 631 925 terrae,·aspirans
651 850 734 907 buna
754 843 876 906 naribu’
897 848 1004 919 flabra,

121 932 294 1008 Paceniqnc
306 939 397 1007 atque
412 932 540 992 salutem
555 934 682 1006 addens,
694 941 822 1010 etopum
835 951 927 990 aurea
943 932 1033 991 dona.

390 1104 429 1159 In
455 1102 614 1173 Vaeicvcm,
637 1122 761 1161 carmen.
996 1099 1033 1158 17

121 1185 327 1263 Magnanimc,
347 1185 518 1245 induferbm
541 1187 719 1265 pervolgans
746 1187 833 1246 fulva
850 1188 971 1260 silenta,

122 1270 272 1328 Tartarea
292 1279 379 1345 atque
401 1290 558 1348 crepusca,
580 1273 709 1331 oblitera
730 1280 817 1349 prata
834 1273 981 1345 tenebris,

122 1354 264 1414 Tellnmo
284 1355 442 1429 Vaeiuvis,
463 1356 576 1416 arserio
589 1366 629 1416 te
647 1359 707 1416 boc
726 1378 850 1417 munere
870 1366 977 1416 macte.

89 1492 92 1495 ,
121 1440 181 1499 Dis
201 1441 252 1514 qui
276 1441 435 1499 cardineua
457 1441 570 1503 Terrae
591 1443 667 1502 cluis
690 1443 926 1519 omniparentis:

122 1525 233 1587 Saecla
253 1526 343 1584 nimis
364 1526 464 1585 ditans
486 1528 628 1591 mortalia
650 1527 787 1606 frugibus
808 1529 940 1602 hornis,

121 1610 229 1669 Tertia
248 1611 320 1684 quoi
343 1611 420 1669 sorti
440 1613 536 1669 tutela
557 1613 681 1671 obvenit
702 1614 826 1686 Averni,

121 1694 292 1756 Caelitunm
312 1696 435 1769 solium,
461 1697 578 1754 firmum
599 1697 771 1755 stabilimen
796 1699 972 1756 homonum.

121 1779 181 1854 Qui
205 1780 305 1848 solum
320 1781 428 1853 habes,
451 1783 489 1838 ad
503 1789 603 1839 castra
619 1782 775 1853 obnubila,
788 1790 875 1841 senta
887 1785 1033 1857 tenebris,

121 1866 306 1942 Longinqui,
329 1866 455 1939 aeterni,
479 1874 509 1924 et
530 1866 729 1933 inexorabilis
751 1867 834 1940 Orci,

121 1954 220 2025 Atque
241 1951 416 2010 Acherunta
436 1959 544 2024 atrum,
566 1953 658 2010 terrai
674 1952 805 2010 immane
826 1959 990 2011 statument

121 2037 194 2094 Iura
214 2043 322 2094 tenens
346 2036 500 2095 hominurn
520 2037 633 2095 Mertai
656 2057 790 2109 munere,
813 2046 927 2111 sancte,

123 2118 234 2193 Conse,
255 2121 342 2180 Deae
368 2120 488 2181 Cereris
510 2141 636 2199 pueram
661 2123 714 2198 qui
735 2124 833 2182 victua
856 2144 971 2197 amore,

124 2205 288 2265 Gramineo
310 2216 427 2282 raptam
447 2216 535 2284 prato
557 2227 614 2284 per
634 2208 756 2266 caerula
774 2209 861 2285 ponti

125 2290 312 2368 Quadriiugo
336 2294 467 2352 evexisti
490 2293 623 2367 equitatu
648 2294 687 2351 ad
704 2293 837 2352 atthidis
861 2301 991 2366 antrum,

124 2375 233 2435 Gentis
256 2377 439 2435 Eleusinae:
459 2378 512 2435 ubi
534 2386 604 2439 sunt
624 2379 776 2455 spiracula
796 2378 918 2436 Averni.

123 2462 221 2521 Unice
243 2469 317 2520 nota
336 2461 422 2519 Deus
445 2479 574 2520 censens
594 2463 758 2539 ignotaque
779 2481 891 2520 rerum.

124 2545 234 2619 Cerite,
254 2546 450 2622 induperans,
472 2546 675 2616 sanctissime,
702 2564 827 2621 compos
851 2548 1013 2618 honomm,

123 2627 244 2690 Vatibu'
270 2631 466 2706 praestitibus
488 2631 635 2707 gaudens,
658 2638 687 2687 et
706 2630 828 2689 cultibn’
850 2632 977 2691 sanctis:

123 2717 207 2776 Mitis
229 2716 314 2788 ades,
336 2735 412 2793 rogo
436 2723 476 2788 te,
500 2716 597 2774 laetus
619 2713 827 2775 venerantibu'
851 2717 958 2776 turbis.

290 2887 429 2944 Tonantis
449 2889 529 2945 Iocis
550 2886 691 2961 suffimen,
710 2893 860 2944 clarescens.
996 2887 1034 2946 18
1098 2930 1100 2935 .

123 2971 271 3047 Iuppiter,
292 2970 417 3029 altisoni
435 2979 578 3046 torquens
601 2971 671 3029 loca
692 2969 831 3027 flammea
854 2972 969 3045 mundi,

122 3056 333 3132 Fulgetrarum
355 3056 472 3114 animas
491 3056 629 3133 crispans
653 3051 848 3130 petulantibu'
870 3057 1012 3130 flammis,

125 3139 296 3199 Ooelitunm
319 3142 409 3201 sedes
432 3160 641 3216 conquassans
658 3140 785 3199 fulmine
807 3159 906 3214 sacro,

122 3225 333 3304 Flammigeris
355 3226 506 3303 stringens
532 3234 686 3302 streperos
706 3226 891 3285 terrentibus
912 3227 1013 3304 ignes:

125 3310 272 3369 Termine
289 3312 351 3385 qui,
373 3312 504 3383 nimbos,
530 3312 621 3369 rubra
641 3311 712 3383 tela,
733 3312 867 3369 tonitrua
886 3313 974 3370 bruta

124 3395 246 3468 Vibras,
267 3396 430 3456 invelvens
453 3396 586 3454 animata
611 3392 780 3455 rubentibu’
800 3396 882 3470 telis,

123 3479 353 3555 Flammivoma,
375 3491 405 3541 et
426 3481 655 3560 perterricrepa,
677 3481 822 3557 ir[r]itata
842 3483 949 3556 ruinis,

124 3565 273 3643 Praepes,
295 3586 391 3627 ovans
413 3568 516 3641 telum,
540 3562 772 3643 cordigrumnm,
796 3567 1034 3646 horricapillnm.
