<?xml version="1.0" encoding="UTF-8"?>
<!DOCTYPE html PUBLIC "-//W3C//DTD XHTML 1.0 Transitional//EN"
    "http://www.w3.org/TR/xhtml1/DTD/xhtml1-transitional.dtd">
<html xmlns="http://www.w3.org/1999/xhtml" xml:lang="en" lang="en">
 <head>
  <title>
</title>
<meta http-equiv="Content-Type" content="text/html;charset=utf-8" />
  <meta name='ocr-system' content='tesseract 3.04.00' />
  <meta name='ocr-capabilities' content='ocr_page ocr_carea ocr_par ocr_line ocrx_word'/>
</head>
<body>
  <div class='ocr_page' id='page_1' title='image "./iosephiscaliger01scalgoog_0439.png"; bbox 0 0 2604 4210; ppageno 0'>
   <div class='ocr_carea' id='block_1_1' title="bbox 249 348 925 595">
    <p class='ocr_par' dir='ltr' id='par_1_1' title="bbox 249 348 925 595">
     <span class='ocr_line' id='line_1_1' title="bbox 629 348 780 443; baseline 0 -35"><span class='ocrx_word' id='word_1_1' title='bbox 629 348 780 443; x_wconf 48' lang='lat' dir='ltr'>—t-us—</span> 
     </span>
     <span class='ocr_line' id='line_1_2' title="bbox 249 516 925 595; baseline -0.003 -16"><span class='ocrx_word' id='word_1_2' title='bbox 249 516 365 579; x_wconf 81' lang='lat' dir='ltr'>Socrati</span> <span class='ocrx_word' id='word_1_3' title='bbox 383 525 497 591; x_wconf 73' lang='lat' dir='ltr'>eunus,</span> <span class='ocrx_word' id='word_1_4' title='bbox 518 517 638 595; x_wconf 88' lang='lat' dir='ltr'>pellens</span> <span class='ocrx_word' id='word_1_5' title='bbox 660 518 775 579; x_wconf 84' lang='lat' dir='ltr'>oblivia</span> <span class='ocrx_word' id='word_1_6' title='bbox 794 519 832 578; x_wconf 86' lang='lat' dir='ltr'>ab</span> <span class='ocrx_word' id='word_1_7' title='bbox 853 518 925 578; x_wconf 89' lang='lat' dir='ltr'>illis.</span> 
     </span>
    </p>
   </div>
   <div class='ocr_carea' id='block_1_2' title="bbox 246 688 1161 1958">
    <p class='ocr_par' dir='ltr' id='par_1_2' title="bbox 250 688 989 766">
     <span class='ocr_line' id='line_1_3' title="bbox 250 688 989 766; baseline 0.001 -18"><span class='ocrx_word' id='word_1_8' title='bbox 250 688 289 748; x_wconf 75' lang='lat'>77</span> <span class='ocrx_word' id='word_1_9' title='bbox 438 688 534 747; x_wconf 80' lang='lat' dir='ltr'>Dicae</span> <span class='ocrx_word' id='word_1_10' title='bbox 554 690 691 751; x_wconf 78' lang='lat' dir='ltr'><strong><em>Matutae</em></strong></span> <span class='ocrx_word' id='word_1_11' title='bbox 713 690 853 766; x_wconf 72' lang='lat' dir='ltr'>suffimen,</span> <span class='ocrx_word' id='word_1_12' title='bbox 872 709 989 749; x_wconf 81' lang='lat' dir='ltr'>manua.</span> 
     </span>
    </p>

    <p class='ocr_par' dir='ltr' id='par_1_3' title="bbox 248 770 1075 852">
     <span class='ocr_line' id='line_1_4' title="bbox 248 770 1075 852; baseline 0.001 -19"><span class='ocrx_word' id='word_1_13' title='bbox 248 772 332 833; x_wconf 83' lang='lat' dir='ltr'>Cede</span> <span class='ocrx_word' id='word_1_14' title='bbox 354 771 432 846; x_wconf 87' lang='lat' dir='ltr'>Dea,</span> <span class='ocrx_word' id='word_1_15' title='bbox 454 774 595 852; x_wconf 74' lang='lat' dir='ltr'><strong>aurigans</strong></span> <span class='ocrx_word' id='word_1_16' title='bbox 618 773 751 833; x_wconf 91' lang='lat' dir='ltr'>candens</span> <span class='ocrx_word' id='word_1_17' title='bbox 772 770 940 833; x_wconf 84' lang='lat' dir='ltr'>mortalibn&#39;</span> <span class='ocrx_word' id='word_1_18' title='bbox 960 775 1075 848; x_wconf 89' lang='lat' dir='ltr'>lumen,</span> 
     </span>
    </p>

    <p class='ocr_par' dir='ltr' id='par_1_4' title="bbox 249 857 1032 939">
     <span class='ocr_line' id='line_1_5' title="bbox 249 857 1032 939; baseline 0.003 -21"><span class='ocrx_word' id='word_1_19' title='bbox 249 857 348 931; x_wconf 85' lang='lat' dir='ltr'>Clara,</span> <span class='ocrx_word' id='word_1_20' title='bbox 371 857 576 935; x_wconf 88' lang='lat' dir='ltr'>pudoricolor,</span> <span class='ocrx_word' id='word_1_21' title='bbox 593 859 705 918; x_wconf 89' lang='lat' dir='ltr'>mundo</span> <span class='ocrx_word' id='word_1_22' title='bbox 727 860 843 918; x_wconf 87' lang='lat' dir='ltr'>Matuta</span> <span class='ocrx_word' id='word_1_23' title='bbox 866 859 1032 939; x_wconf 75' lang='lat' dir='ltr'>refulgens,</span> 
     </span>
    </p>

    <p class='ocr_par' dir='ltr' id='par_1_5' title="bbox 247 942 926 1021">
     <span class='ocr_line' id='line_1_6' title="bbox 247 942 926 1021; baseline -0.001 -17"><span class='ocrx_word' id='word_1_24' title='bbox 247 947 354 1004; x_wconf 76' lang='lat' dir='ltr'>Aurae</span> <span class='ocrx_word' id='word_1_25' title='bbox 371 943 557 1021; x_wconf 75' lang='lat' dir='ltr'>magnanimi</span> <span class='ocrx_word' id='word_1_26' title='bbox 581 943 684 1003; x_wconf 81' lang='lat' dir='ltr'>Titani</span> <span class='ocrx_word' id='word_1_27' title='bbox 703 945 811 1003; x_wconf 89' lang='lat' dir='ltr'>nuntia</span> <span class='ocrx_word' id='word_1_28' title='bbox 832 942 926 1004; x_wconf 79' lang='lat' dir='ltr'>Solis:</span> 
     </span>
    </p>

    <p class='ocr_par' dir='ltr' id='par_1_6' title="bbox 248 1027 1099 1108">
     <span class='ocr_line' id='line_1_7' title="bbox 248 1027 1099 1108; baseline 0.001 -20"><span class='ocrx_word' id='word_1_29' title='bbox 248 1027 427 1091; x_wconf 81' lang='lat' dir='ltr'>Horrlferaa</span> <span class='ocrx_word' id='word_1_30' title='bbox 447 1047 525 1103; x_wconf 88' lang='lat' dir='ltr'>quae</span> <span class='ocrx_word' id='word_1_31' title='bbox 547 1029 637 1088; x_wconf 85' lang='lat' dir='ltr'>itiner</span> <span class='ocrx_word' id='word_1_32' title='bbox 656 1029 852 1106; x_wconf 69' lang='lat' dir='ltr'><strong>anfractuque</strong></span> <span class='ocrx_word' id='word_1_33' title='bbox 876 1031 976 1088; x_wconf 90' lang='lat' dir='ltr'>noctis</span> <span class='ocrx_word' id='word_1_34' title='bbox 999 1046 1099 1108; x_wconf 85' lang='lat' dir='ltr'>opaca</span> 
     </span>
    </p>

    <p class='ocr_par' dir='ltr' id='par_1_7' title="bbox 248 1114 1013 1174">
     <span class='ocr_line' id='line_1_8' title="bbox 248 1114 1013 1174; baseline 0 -1"><span class='ocrx_word' id='word_1_35' title='bbox 248 1114 329 1173; x_wconf 85' lang='lat' dir='ltr'>Diva</span> <span class='ocrx_word' id='word_1_36' title='bbox 349 1121 402 1173; x_wconf 90' lang='lat' dir='ltr'>tuo</span> <span class='ocrx_word' id='word_1_37' title='bbox 425 1131 552 1173; x_wconf 77' lang='lat' dir='ltr'>revocas</span> <span class='ocrx_word' id='word_1_38' title='bbox 572 1114 648 1173; x_wconf 90' lang='lat' dir='ltr'>initu</span> <span class='ocrx_word' id='word_1_39' title='bbox 671 1115 726 1173; x_wconf 91' lang='lat' dir='ltr'>sub</span> <span class='ocrx_word' id='word_1_40' title='bbox 748 1115 867 1174; x_wconf 87' lang='lat' dir='ltr'>viscera</span> <span class='ocrx_word' id='word_1_41' title='bbox 885 1123 1013 1173; x_wconf 55' lang='lat' dir='ltr'>terraer*</span> 
     </span>
    </p>

    <p class='ocr_par' dir='ltr' id='par_1_8' title="bbox 248 1195 1033 1276">
     <span class='ocr_line' id='line_1_9' title="bbox 248 1195 1033 1276; baseline 0.001 -18"><span class='ocrx_word' id='word_1_42' title='bbox 248 1200 321 1258; x_wconf 85' lang='lat' dir='ltr'>Dux</span> <span class='ocrx_word' id='word_1_43' title='bbox 342 1217 480 1276; x_wconf 90' lang='lat' dir='ltr'>operum,</span> <span class='ocrx_word' id='word_1_44' title='bbox 503 1198 583 1257; x_wconf 87' lang='lat' dir='ltr'>vitae</span> <span class='ocrx_word' id='word_1_45' title='bbox 603 1195 776 1258; x_wconf 88' lang='lat' dir='ltr'>mortalibu&#39;</span> <span class='ocrx_word' id='word_1_46' title='bbox 794 1199 856 1257; x_wconf 91' lang='lat' dir='ltr'>Dia</span> <span class='ocrx_word' id='word_1_47' title='bbox 879 1200 1033 1271; x_wconf 81' lang='lat' dir='ltr'>ministra3</span> 
     </span>
    </p>

    <p class='ocr_par' dir='ltr' id='par_1_9' title="bbox 249 1283 1161 1363">
     <span class='ocr_line' id='line_1_10' title="bbox 249 1283 1161 1363; baseline 0.002 -22"><span class='ocrx_word' id='word_1_48' title='bbox 249 1285 375 1361; x_wconf 83' lang='lat' dir='ltr'>Quaque</span> <span class='ocrx_word' id='word_1_49' title='bbox 395 1283 552 1342; x_wconf 87' lang='lat' dir='ltr'>hominum</span> <span class='ocrx_word' id='word_1_50' title='bbox 573 1284 705 1363; x_wconf 77' lang='lat' dir='ltr'>gaudem</span> <span class='ocrx_word' id='word_1_51' title='bbox 716 1285 886 1363; x_wconf 85' lang='lat' dir='ltr'>aegerrima</span> <span class='ocrx_word' id='word_1_52' title='bbox 903 1285 996 1357; x_wconf 89' lang='lat' dir='ltr'>secla,</span> <span class='ocrx_word' id='word_1_53' title='bbox 1009 1283 1161 1344; x_wconf 90' lang='lat' dir='ltr'>necullus</span> 
     </span>
    </p>

    <p class='ocr_par' dir='ltr' id='par_1_10' title="bbox 249 1367 1042 1446">
     <span class='ocr_line' id='line_1_11' title="bbox 249 1367 1042 1446; baseline 0.004 -19"><span class='ocrx_word' id='word_1_54' title='bbox 249 1369 348 1445; x_wconf 83' lang='lat' dir='ltr'><strong>Quem</strong></span> <span class='ocrx_word' id='word_1_55' title='bbox 369 1367 486 1446; x_wconf 75' lang='lat' dir='ltr'>fugisse</span> <span class='ocrx_word' id='word_1_56' title='bbox 505 1376 575 1427; x_wconf 92' lang='lat' dir='ltr'>tuos</span> <span class='ocrx_word' id='word_1_57' title='bbox 598 1369 646 1428; x_wconf 82' lang='lat' dir='ltr'>fas</span> <span class='ocrx_word' id='word_1_58' title='bbox 670 1369 711 1429; x_wconf 88' lang='lat' dir='ltr'>sit</span> <span class='ocrx_word' id='word_1_59' title='bbox 731 1369 910 1446; x_wconf 82' lang='lat' dir='ltr'>pulcerrima</span> <span class='ocrx_word' id='word_1_60' title='bbox 928 1369 1042 1443; x_wconf 86' lang='lat' dir='ltr'>voltus,</span> 
     </span>
    </p>

    <p class='ocr_par' dir='ltr' id='par_1_11' title="bbox 248 1452 1054 1533">
     <span class='ocr_line' id='line_1_12' title="bbox 248 1452 1054 1533; baseline 0.002 -22"><span class='ocrx_word' id='word_1_61' title='bbox 248 1452 378 1528; x_wconf 82' lang='lat' dir='ltr'>Quando</span> <span class='ocrx_word' id='word_1_62' title='bbox 403 1452 490 1530; x_wconf 90' lang='lat' dir='ltr'>genis</span> <span class='ocrx_word' id='word_1_63' title='bbox 512 1461 651 1533; x_wconf 74' lang='lat' dir='ltr'>exter-ges</span> <span class='ocrx_word' id='word_1_64' title='bbox 676 1455 769 1514; x_wconf 87' lang='lat' dir='ltr'>otium</span> <span class='ocrx_word' id='word_1_65' title='bbox 791 1453 922 1513; x_wconf 88' lang='lat' dir='ltr'>amabile</span> <span class='ocrx_word' id='word_1_66' title='bbox 944 1456 1054 1515; x_wconf 85' lang='lat' dir='ltr'>somni.</span> 
     </span>
    </p>

    <p class='ocr_par' dir='ltr' id='par_1_12' title="bbox 249 1536 1083 1617">
     <span class='ocr_line' id='line_1_13' title="bbox 249 1536 1083 1617; baseline 0 -19"><span class='ocrx_word' id='word_1_67' title='bbox 249 1537 336 1598; x_wconf 87' lang='lat' dir='ltr'>Tunc</span> <span class='ocrx_word' id='word_1_68' title='bbox 354 1536 486 1616; x_wconf 78' lang='lat' dir='ltr'>gaudent</span> <span class='ocrx_word' id='word_1_69' title='bbox 504 1538 656 1612; x_wconf 87' lang='lat' dir='ltr'>homines,</span> <span class='ocrx_word' id='word_1_70' title='bbox 678 1548 847 1617; x_wconf 81' lang='lat' dir='ltr'>serpentes,</span> <span class='ocrx_word' id='word_1_71' title='bbox 871 1548 971 1598; x_wconf 77' lang='lat' dir='ltr'>cetera</span> <span class='ocrx_word' id='word_1_72' title='bbox 989 1540 1083 1613; x_wconf 91' lang='lat' dir='ltr'>secla,</span> 
     </span>
    </p>

    <p class='ocr_par' dir='ltr' id='par_1_13' title="bbox 246 1621 1161 1770">
     <span class='ocr_line' id='line_1_14' title="bbox 246 1621 1161 1700; baseline 0.002 -18"><span class='ocrx_word' id='word_1_73' title='bbox 246 1622 494 1700; x_wconf 72' lang='lat' dir='ltr'>Quadrupedem,</span> <span class='ocrx_word' id='word_1_74' title='bbox 503 1632 533 1682; x_wconf 91' lang='lat' dir='ltr'>et</span> <span class='ocrx_word' id='word_1_75' title='bbox 543 1624 711 1699; x_wconf 88' lang='lat' dir='ltr'>volucrum,</span> <span class='ocrx_word' id='word_1_76' title='bbox 719 1633 749 1683; x_wconf 91' lang='lat' dir='ltr'>et</span> <span class='ocrx_word' id='word_1_77' title='bbox 764 1624 968 1685; x_wconf 72' lang='lat' dir='ltr'>stabulantum</span> <span class='ocrx_word' id='word_1_78' title='bbox 981 1626 1013 1684; x_wconf 91' lang='lat' dir='ltr'>in</span> <span class='ocrx_word' id='word_1_79' title='bbox 1026 1621 1161 1684; x_wconf 86' lang='lat' dir='ltr'>fluctibn&#39;</span> 
     </span>
     <span class='ocr_line' id='line_1_15' title="bbox 855 1709 958 1770; baseline -0.01 -1"><span class='ocrx_word' id='word_1_80' title='bbox 855 1709 958 1770; x_wconf 86' lang='lat' dir='ltr'>salsis.</span> 
     </span>
    </p>

    <p class='ocr_par' dir='ltr' id='par_1_14' title="bbox 247 1791 1161 1870">
     <span class='ocr_line' id='line_1_16' title="bbox 247 1791 1161 1870; baseline -0.001 -16"><span class='ocrx_word' id='word_1_81' title='bbox 247 1792 388 1870; x_wconf 87' lang='lat' dir='ltr'>Namque</span> <span class='ocrx_word' id='word_1_82' title='bbox 410 1812 531 1853; x_wconf 89' lang='lat' dir='ltr'>omnem</span> <span class='ocrx_word' id='word_1_83' title='bbox 553 1794 705 1853; x_wconf 85' lang='lat' dir='ltr'>excultum</span> <span class='ocrx_word' id='word_1_84' title='bbox 728 1793 822 1854; x_wconf 86' lang='lat' dir='ltr'>donas</span> <span class='ocrx_word' id='word_1_85' title='bbox 844 1791 1014 1854; x_wconf 87' lang='lat' dir='ltr'>mortalibn’</span> <span class='ocrx_word' id='word_1_86' title='bbox 1038 1795 1161 1855; x_wconf 67' lang='lat' dir='ltr'>uuum.</span> 
     </span>
    </p>

    <p class='ocr_par' dir='ltr' id='par_1_15' title="bbox 248 1879 1007 1958">
     <span class='ocr_line' id='line_1_17' title="bbox 248 1879 1007 1958; baseline -0.001 -18"><span class='ocrx_word' id='word_1_87' title='bbox 248 1879 311 1941; x_wconf 88' lang='lat' dir='ltr'>Sed</span> <span class='ocrx_word' id='word_1_88' title='bbox 331 1887 363 1937; x_wconf 91' lang='lat' dir='ltr'>tu</span> <span class='ocrx_word' id='word_1_89' title='bbox 384 1879 446 1938; x_wconf 90' lang='lat' dir='ltr'>Dia</span> <span class='ocrx_word' id='word_1_90' title='bbox 467 1879 652 1939; x_wconf 79' lang='lat' dir='ltr'>antistitibus</span> <span class='ocrx_word' id='word_1_91' title='bbox 675 1898 793 1939; x_wconf 87' lang='lat' dir='ltr'>sacrum</span> <span class='ocrx_word' id='word_1_92' title='bbox 812 1881 901 1939; x_wconf 83' lang='lat' dir='ltr'>iubar</span> <span class='ocrx_word' id='word_1_93' title='bbox 921 1899 1007 1958; x_wconf 85' lang='lat' dir='ltr'>auga.</span> 
     </span>
    </p>
   </div>
   <div class='ocr_carea' id='block_1_3' title="bbox 246 2048 1097 3129">
    <p class='ocr_par' dir='ltr' id='par_1_16' title="bbox 247 2048 1048 2553">
     <span class='ocr_line' id='line_1_18' title="bbox 249 2048 934 2125; baseline 0.003 -18"><span class='ocrx_word' id='word_1_94' title='bbox 249 2048 290 2109; x_wconf 76' lang='lat'>78</span> <span class='ocrx_word' id='word_1_95' title='bbox 318 2076 320 2083; x_wconf 41' lang='lat' dir='ltr'><em>s</em></span> <span class='ocrx_word' id='word_1_96' title='bbox 473 2049 569 2106; x_wconf 79' lang='lat' dir='ltr'>Dicae</span> <span class='ocrx_word' id='word_1_97' title='bbox 592 2051 693 2109; x_wconf 65' lang='lat' dir='ltr'>Iccius</span> <span class='ocrx_word' id='word_1_98' title='bbox 716 2050 934 2125; x_wconf 58' lang='lat' dir='ltr'>suffitum-tus.</span> 
     </span>
     <span class='ocr_line' id='line_1_19' title="bbox 248 2132 1002 2214; baseline 0.004 -21"><span class='ocrx_word' id='word_1_99' title='bbox 248 2132 414 2211; x_wconf 82' lang='lat' dir='ltr'>anligena</span> <span class='ocrx_word' id='word_1_100' title='bbox 435 2133 494 2190; x_wconf 88' lang='lat' dir='ltr'>hnc</span> <span class='ocrx_word' id='word_1_101' title='bbox 515 2133 620 2192; x_wconf 84' lang='lat' dir='ltr'>Iuritis</span> <span class='ocrx_word' id='word_1_102' title='bbox 642 2134 716 2194; x_wconf 85' lang='lat' dir='ltr'>ades</span> <span class='ocrx_word' id='word_1_103' title='bbox 736 2134 866 2211; x_wconf 88' lang='lat' dir='ltr'>patrima</span> <span class='ocrx_word' id='word_1_104' title='bbox 886 2135 1002 2214; x_wconf 83' lang='lat' dir='ltr'>virago,</span> 
     </span>
     <span class='ocr_line' id='line_1_20' title="bbox 248 2216 922 2295; baseline -0.001 -17"><span class='ocrx_word' id='word_1_105' title='bbox 248 2219 368 2278; x_wconf 87' lang='lat' dir='ltr'>Mustea</span> <span class='ocrx_word' id='word_1_106' title='bbox 391 2217 554 2295; x_wconf 89' lang='lat' dir='ltr'>progenies</span> <span class='ocrx_word' id='word_1_107' title='bbox 575 2218 705 2292; x_wconf 88' lang='lat' dir='ltr'>telluris,</span> <span class='ocrx_word' id='word_1_108' title='bbox 729 2216 840 2278; x_wconf 76' lang='lat' dir='ltr'>Caesia</span> <span class='ocrx_word' id='word_1_109' title='bbox 862 2219 922 2293; x_wconf 88' lang='lat' dir='ltr'>dia,</span> 
     </span>
     <span class='ocr_line' id='line_1_21' title="bbox 248 2302 1048 2381; baseline 0.004 -19"><span class='ocrx_word' id='word_1_110' title='bbox 248 2302 402 2362; x_wconf 86' lang='lat' dir='ltr'>Vaticinas</span> <span class='ocrx_word' id='word_1_111' title='bbox 422 2320 500 2378; x_wconf 86' lang='lat' dir='ltr'>quae</span> <span class='ocrx_word' id='word_1_112' title='bbox 519 2303 617 2380; x_wconf 87' lang='lat' dir='ltr'>prima</span> <span class='ocrx_word' id='word_1_113' title='bbox 636 2304 737 2381; x_wconf 87' lang='lat' dir='ltr'>aperis</span> <span class='ocrx_word' id='word_1_114' title='bbox 758 2304 930 2363; x_wconf 86' lang='lat' dir='ltr'>mortalibn’</span> <span class='ocrx_word' id='word_1_115' title='bbox 951 2311 1048 2365; x_wconf 87' lang='lat' dir='ltr'>sortes</span> 
     </span>
     <span class='ocr_line' id='line_1_22' title="bbox 248 2387 1027 2466; baseline 0.003 -19"><span class='ocrx_word' id='word_1_116' title='bbox 248 2388 437 2466; x_wconf 87' lang='lat' dir='ltr'>Delphorum</span> <span class='ocrx_word' id='word_1_117' title='bbox 456 2387 525 2447; x_wconf 86' lang='lat' dir='ltr'>Diis</span> <span class='ocrx_word' id='word_1_118' title='bbox 547 2407 603 2465; x_wconf 89' lang='lat' dir='ltr'>pro</span> <span class='ocrx_word' id='word_1_119' title='bbox 627 2390 745 2447; x_wconf 89' lang='lat' dir='ltr'>cortina</span> <span class='ocrx_word' id='word_1_120' title='bbox 767 2387 890 2448; x_wconf 76' lang='lat' dir='ltr'>oracula</span> <span class='ocrx_word' id='word_1_121' title='bbox 911 2390 1027 2462; x_wconf 84' lang='lat' dir='ltr'>fatans3</span> 
     </span>
     <span class='ocr_line' id='line_1_23' title="bbox 247 2473 924 2553; baseline 0 -21"><span class='ocrx_word' id='word_1_122' title='bbox 247 2474 396 2532; x_wconf 89' lang='lat' dir='ltr'>Putioulis</span> <span class='ocrx_word' id='word_1_123' title='bbox 419 2473 471 2532; x_wconf 89' lang='lat' dir='ltr'>ubi</span> <span class='ocrx_word' id='word_1_124' title='bbox 494 2473 634 2533; x_wconf 87' lang='lat' dir='ltr'>Puteolis</span> <span class='ocrx_word' id='word_1_125' title='bbox 657 2475 764 2553; x_wconf 86' lang='lat' dir='ltr'>regina</span> <span class='ocrx_word' id='word_1_126' title='bbox 785 2474 924 2533; x_wconf 86' lang='lat' dir='ltr'>cluebas:</span> 
     </span>
    </p>

    <p class='ocr_par' dir='ltr' id='par_1_17' title="bbox 246 2558 1097 3129">
     <span class='ocr_line' id='line_1_24' title="bbox 246 2558 1014 2636; baseline 0 -18"><span class='ocrx_word' id='word_1_127' title='bbox 246 2560 288 2618; x_wconf 77' lang='lat' dir='ltr'>Et</span> <span class='ocrx_word' id='word_1_128' title='bbox 305 2559 424 2618; x_wconf 78' lang='lat' dir='ltr'>Februo</span> <span class='ocrx_word' id='word_1_129' title='bbox 441 2558 526 2617; x_wconf 86' lang='lat' dir='ltr'>fandi</span> <span class='ocrx_word' id='word_1_130' title='bbox 548 2558 670 2619; x_wconf 89' lang='lat' dir='ltr'>donasti</span> <span class='ocrx_word' id='word_1_131' title='bbox 690 2567 795 2636; x_wconf 89' lang='lat' dir='ltr'>pectus</span> <span class='ocrx_word' id='word_1_132' title='bbox 818 2558 945 2618; x_wconf 88' lang='lat' dir='ltr'>habere:</span> <span class='ocrx_word' id='word_1_133' title='bbox 1013 2560 1014 2563; x_wconf 69' lang='grc'>’</span> 
     </span>
     <span class='ocr_line' id='line_1_25' title="bbox 247 2641 1013 2722; baseline -0.005 -19"><span class='ocrx_word' id='word_1_134' title='bbox 247 2646 396 2722; x_wconf 75' lang='lat' dir='ltr'>Augusta,</span> <span class='ocrx_word' id='word_1_135' title='bbox 418 2644 572 2720; x_wconf 86' lang='lat' dir='ltr'>spaciosa,</span> <span class='ocrx_word' id='word_1_136' title='bbox 593 2645 795 2720; x_wconf 82' lang='lat' dir='ltr'>verendaque,</span> <span class='ocrx_word' id='word_1_137' title='bbox 817 2641 1013 2719; x_wconf 81' lang='lat' dir='ltr'>noctuvolga:</span> 
     </span>
     <span class='ocr_line' id='line_1_26' title="bbox 247 2726 1053 2807; baseline -0.002 -20"><span class='ocrx_word' id='word_1_138' title='bbox 247 2729 352 2787; x_wconf 89' lang='lat' dir='ltr'>Prima</span> <span class='ocrx_word' id='word_1_139' title='bbox 374 2728 485 2787; x_wconf 90' lang='lat' dir='ltr'>etenim</span> <span class='ocrx_word' id='word_1_140' title='bbox 507 2728 582 2788; x_wconf 90' lang='lat' dir='ltr'>ritus</span> <span class='ocrx_word' id='word_1_141' title='bbox 606 2730 758 2788; x_wconf 90' lang='lat' dir='ltr'>hominnm</span> <span class='ocrx_word' id='word_1_142' title='bbox 780 2748 875 2807; x_wconf 84' lang='lat' dir='ltr'>genus</span> <span class='ocrx_word' id='word_1_143' title='bbox 898 2726 1053 2799; x_wconf 84' lang='lat' dir='ltr'>edocuisti,</span> 
     </span>
     <span class='ocr_line' id='line_1_27' title="bbox 246 2811 1005 2874; baseline -0.005 -1"><span class='ocrx_word' id='word_1_144' title='bbox 246 2812 416 2874; x_wconf 85' lang='lat' dir='ltr'>Nocturnis</span> <span class='ocrx_word' id='word_1_145' title='bbox 441 2813 536 2871; x_wconf 87' lang='lat' dir='ltr'>sacris</span> <span class='ocrx_word' id='word_1_146' title='bbox 556 2813 701 2873; x_wconf 85' lang='lat' dir='ltr'>Brumnm</span> <span class='ocrx_word' id='word_1_147' title='bbox 721 2814 853 2873; x_wconf 83' lang='lat' dir='ltr'>fanatica</span> <span class='ocrx_word' id='word_1_148' title='bbox 874 2811 1005 2873; x_wconf 88' lang='lat' dir='ltr'>ovando.</span> 
     </span>
     <span class='ocr_line' id='line_1_28' title="bbox 247 2894 1097 2974; baseline -0.006 -16"><span class='ocrx_word' id='word_1_149' title='bbox 247 2900 298 2958; x_wconf 82' lang='lat' dir='ltr'>Ex</span> <span class='ocrx_word' id='word_1_150' title='bbox 318 2907 348 2957; x_wconf 89' lang='lat' dir='ltr'>te</span> <span class='ocrx_word' id='word_1_151' title='bbox 371 2899 451 2957; x_wconf 88' lang='lat' dir='ltr'>enim</span> <span class='ocrx_word' id='word_1_152' title='bbox 470 2906 632 2974; x_wconf 83' lang='lat' dir='ltr'>castusque</span> <span class='ocrx_word' id='word_1_153' title='bbox 653 2899 755 2958; x_wconf 79' lang='lat' dir='ltr'>Deum</span> <span class='ocrx_word' id='word_1_154' title='bbox 782 2899 938 2974; x_wconf 88' lang='lat' dir='ltr'>cultusque</span> <span class='ocrx_word' id='word_1_155' title='bbox 962 2894 1097 2955; x_wconf 80' lang='lat' dir='ltr'>verendi.</span> 
     </span>
     <span class='ocr_line' id='line_1_29' title="bbox 248 2980 1058 3058; baseline -0.005 -15"><span class='ocrx_word' id='word_1_156' title='bbox 248 2984 318 3043; x_wconf 92' lang='lat' dir='ltr'>Huc</span> <span class='ocrx_word' id='word_1_157' title='bbox 338 2984 433 3058; x_wconf 86' lang='lat' dir='ltr'>adsis,</span> <span class='ocrx_word' id='word_1_158' title='bbox 456 2984 524 3057; x_wconf 89' lang='lat' dir='ltr'>huc,</span> <span class='ocrx_word' id='word_1_159' title='bbox 542 2983 634 3057; x_wconf 87' lang='lat' dir='ltr'>Diva,</span> <span class='ocrx_word' id='word_1_160' title='bbox 657 2984 772 3044; x_wconf 83' lang='lat' dir='ltr'>faventi</span> <span class='ocrx_word' id='word_1_161' title='bbox 793 2984 916 3042; x_wconf 91' lang='lat' dir='ltr'>numine</span> <span class='ocrx_word' id='word_1_162' title='bbox 938 2980 1058 3053; x_wconf 85' lang='lat' dir='ltr'>blanda,</span> 
     </span>
     <span class='ocr_line' id='line_1_30' title="bbox 247 3068 996 3129; baseline -0.005 0"><span class='ocrx_word' id='word_1_163' title='bbox 247 3069 296 3129; x_wconf 83' lang='lat' dir='ltr'>Ad</span> <span class='ocrx_word' id='word_1_164' title='bbox 317 3069 420 3128; x_wconf 86' lang='lat' dir='ltr'>divina</span> <span class='ocrx_word' id='word_1_165' title='bbox 438 3069 482 3128; x_wconf 90' lang='lat' dir='ltr'>tui</span> <span class='ocrx_word' id='word_1_166' title='bbox 503 3068 676 3128; x_wconf 83' lang='lat' dir='ltr'>veneranda</span> <span class='ocrx_word' id='word_1_167' title='bbox 701 3070 823 3129; x_wconf 89' lang='lat' dir='ltr'>silentia</span> <span class='ocrx_word' id='word_1_168' title='bbox 846 3068 935 3128; x_wconf 87' lang='lat' dir='ltr'>sacri.</span> <span class='ocrx_word' id='word_1_169' title='bbox 992 3112 996 3119; x_wconf 87' lang='lat'><em>.</em></span> 
     </span>
    </p>
   </div>
   <div class='ocr_carea' id='block_1_4' title="bbox 211 3235 1160 3658">
    <p class='ocr_par' dir='ltr' id='par_1_18' title="bbox 211 3235 892 3315">
     <span class='ocr_line' id='line_1_31' title="bbox 211 3235 892 3315; baseline 0.001 -20"><span class='ocrx_word' id='word_1_170' title='bbox 211 3302 214 3309; x_wconf 51' lang='grc'>,</span> <span class='ocrx_word' id='word_1_171' title='bbox 249 3236 290 3296; x_wconf 79' lang='grc'>79</span> <span class='ocrx_word' id='word_1_172' title='bbox 365 3235 368 3242; x_wconf 81' lang='lat'>&#39;</span> <span class='ocrx_word' id='word_1_173' title='bbox 505 3239 658 3315; x_wconf 81' lang='lat' dir='ltr'>Aquilonis</span> <span class='ocrx_word' id='word_1_174' title='bbox 676 3241 818 3315; x_wconf 77' lang='lat' dir='ltr'>suffimen,</span> <span class='ocrx_word' id='word_1_175' title='bbox 838 3249 892 3298; x_wconf 83' lang='lat' dir='ltr'>tue.</span> 
     </span>
    </p>

    <p class='ocr_par' dir='ltr' id='par_1_19' title="bbox 248 3320 1031 3400">
     <span class='ocr_line' id='line_1_32' title="bbox 248 3320 1031 3400; baseline -0.009 -16"><span class='ocrx_word' id='word_1_176' title='bbox 248 3322 417 3384; x_wconf 84' lang='lat' dir='ltr'>Horriieris</span> <span class='ocrx_word' id='word_1_177' title='bbox 435 3324 539 3383; x_wconf 86' lang='lat' dir='ltr'>flabris</span> <span class='ocrx_word' id='word_1_178' title='bbox 563 3332 766 3400; x_wconf 81' lang='lat' dir='ltr'>contorquens</span> <span class='ocrx_word' id='word_1_179' title='bbox 789 3342 923 3400; x_wconf 88' lang='lat' dir='ltr'>aequora</span> <span class='ocrx_word' id='word_1_180' title='bbox 942 3320 1031 3393; x_wconf 81' lang='lat' dir='ltr'>coeli,</span> 
     </span>
    </p>

    <p class='ocr_par' dir='ltr' id='par_1_20' title="bbox 247 3404 1160 3658">
     <span class='ocr_line' id='line_1_33' title="bbox 247 3404 1160 3487; baseline -0.008 -18"><span class='ocrx_word' id='word_1_181' title='bbox 247 3407 318 3469; x_wconf 88' lang='lat' dir='ltr'>Huc</span> <span class='ocrx_word' id='word_1_182' title='bbox 337 3408 451 3484; x_wconf 84' lang='lat' dir='ltr'>Aquilo</span> <span class='ocrx_word' id='word_1_183' title='bbox 473 3405 616 3487; x_wconf 88' lang='lat' dir='ltr'>glaciali&#39;,</span> <span class='ocrx_word' id='word_1_184' title='bbox 641 3409 816 3484; x_wconf 90' lang='lat' dir='ltr'>relinquens</span> <span class='ocrx_word' id='word_1_185' title='bbox 838 3406 984 3485; x_wconf 89' lang='lat' dir='ltr'>ninguida</span> <span class='ocrx_word' id='word_1_186' title='bbox 1005 3404 1160 3464; x_wconf 75' lang='lat' dir='ltr'>Thraece:</span> 
     </span>
     <span class='ocr_line' id='line_1_34' title="bbox 253 3491 1023 3571; baseline -0.006 -16"><span class='ocrx_word' id='word_1_187' title='bbox 253 3491 352 3555; x_wconf 83' lang='lat' dir='ltr'>Solva</span> <span class='ocrx_word' id='word_1_188' title='bbox 368 3491 445 3552; x_wconf 83' lang='lat' dir='ltr'>(lovi</span> <span class='ocrx_word' id='word_1_189' title='bbox 468 3492 600 3568; x_wconf 87' lang='lat' dir='ltr'>subices,</span> <span class='ocrx_word' id='word_1_190' title='bbox 620 3494 774 3571; x_wconf 86' lang='lat' dir='ltr'>nigrantes</span> <span class='ocrx_word' id='word_1_191' title='bbox 794 3494 918 3552; x_wconf 88' lang='lat' dir='ltr'>nubibu’</span> <span class='ocrx_word' id='word_1_192' title='bbox 939 3491 1023 3564; x_wconf 87' lang='lat' dir='ltr'>totis,</span> 
     </span>
     <span class='ocr_line' id='line_1_35' title="bbox 248 3576 1083 3658; baseline -0.002 -22"><span class='ocrx_word' id='word_1_193' title='bbox 248 3577 387 3638; x_wconf 81' lang='lat' dir='ltr'>Flamina</span> <span class='ocrx_word' id='word_1_194' title='bbox 405 3576 571 3638; x_wconf 71' lang='lat' dir='ltr'>decussus</span> <span class='ocrx_word' id='word_1_195' title='bbox 590 3586 793 3658; x_wconf 86' lang='lat' dir='ltr'>praegnantes</span> <span class='ocrx_word' id='word_1_196' title='bbox 812 3579 952 3640; x_wconf 86' lang='lat' dir='ltr'>imbribu’</span> <span class='ocrx_word' id='word_1_197' title='bbox 973 3576 1083 3649; x_wconf 84' lang='lat' dir='ltr'>nubes,</span> 
     </span>
    </p>
   </div>
   <div class='ocr_carea' id='block_1_5' title="bbox 1292 1194 1294 1531">
    <p class='ocr_par' dir='ltr' id='par_1_21' title="bbox 1292 1194 1294 1531">
     <span class='ocr_line' id='line_1_36' title="bbox 1292 1194 1294 1261; baseline 0 0"><span class='ocrx_word' id='word_1_198' title='bbox 1292 1194 1294 1261; x_wconf 85' lang='lat' dir='ltr'>l</span> 
     </span>
     <span class='ocr_line' id='line_1_37' title="bbox 1292 1362 1294 1413; baseline 0 0"><span class='ocrx_word' id='word_1_199' title='bbox 1292 1362 1294 1413; x_wconf 75' lang='lat' dir='ltr'>t</span> 
     </span>
     <span class='ocr_line' id='line_1_38' title="bbox 1292 1434 1294 1531; baseline 0 0"><span class='ocrx_word' id='word_1_200' title='bbox 1292 1434 1294 1531; x_wconf 73' lang='lat' dir='ltr'>l</span> 
     </span>
    </p>
   </div>
   <div class='ocr_carea' id='block_1_6' title="bbox 0 0 1306 4210">
    <p class='ocr_par' dir='ltr' id='par_1_22' title="bbox 0 0 1306 4210">
     <span class='ocr_line' id='line_1_39' title="bbox 0 0 1306 4210; baseline 0 0"><span class='ocrx_word' id='word_1_201' title='bbox 0 0 1306 4210; x_wconf 95' lang='lat' dir='ltr'> </span> 
     </span>
    </p>
   </div>
  </div>
 </body>
</html>
