2532 4216
463 333 613 427 ju,

100 496 154 554 lam
173 497 302 571 laudum,
324 507 356 556 et
376 518 476 558 rerum
496 503 606 561 melior
628 513 657 560 te
677 503 815 579 postulat·
830 505 914 565 ordo.

100 579 142 641 sic
162 601 228 660 ego:
252 584 296 642 sic
315 583 396 643 Diva
416 587 475 644 boc
496 604 636 647 sermone
659 588 781 646 silentia
801 591 890 666 rupit.

132 666 289 745 Principio·
300 667 419 727 Natura
434 690 556 746 parens,
577 688 670 750 quum
687 674 780 731 vellet
799 675 911 733 inuna

26 794 28 815 ;
100 748 234 829 congerie
259 754 397 812 decorum
421 758 599 815 commercia
621 757 716 815 multa
737 760 829 833 coire,

98 838 185 913 Atque
204 839 354 897 hominem
376 841 549 918 exemplum
573 842 664 902 seclis
686 842 807 920 insigne
827 844 936 905 futuris

97 920 270 997 Partuciensq
290 924 374 985 cuius
396 928 453 984 sub
472 936 592 1004 pectore
615 927 756 986 conderet
778 928 843 1002 illa,

26 1076 28 1087 .
98 1004 176 1065 Hune
197 1008 317 1069 bomilia
340 1010 398 1067 vici
421 1013 521 1070 caecis
544 1012 648 1090 vagire
668 1012 805 1086 latebris,

26 1116 27 1129 ÷
97 1093 149 1149 Aut
164 1093 302 1170 ignorata
320 1095 425 1154 nutriri
446 1097 545 1156 noluit
565 1099 650 1170 urbe,

26 1170 28 1191 '
99 1173 150 1235 Sed
167 1181 250 1256 regni
271 1180 405 1254 domina,
428 1183 508 1256 quod
529 1182 631 1259 regnis
654 1183 792 1240 omnibus
815 1180 909 1255 orbis,

26 1264 27 1327 J
99 1261 233 1323 Omnibus
255 1265 393 1340 Europae
416 1267 581 1343 praecellit
596 1276 629 1325 ut
649 1267 773 1325 urbibus
794 1266 862 1326 illa:

98 1344 133 1405 Ut
151 1366 305 1407 commune
323 1350 426 1424 decus,
449 1353 611 1427 sociaeque
633 1353 766 1430 insignia
789 1352 888 1411 laudis

99 1430 164 1489 Tam
183 1433 264 1493 locus
285 1455 306 1492 a
325 1443 397 1494 nato
417 1447 548 1512 caperet,
572 1452 662 1512 quam
684 1445 773 1496 natus
795 1439 833 1496 ab
854 1437 918 1498 illo.

98 1514 252 1595 Regnatrix
272 1521 373 1578 clarae
394 1540 542 1598 generosa
563 1522 686 1580 Lutetia
702 1531 811 1594 terres,

100 1601 165 1676 Quis
187 1623 355 1663 memorare
378 1613 446 1666 tuas
467 1616 515 1666 sat
538 1607 628 1685 digno
650 1609 783 1665 carmine
807 1607 891 1665 dotes

98 1688 149 1744 Aut
167 1687 272 1748 laudes
295 1708 427 1767 aequare
446 1700 545 1766 quem,
568 1710 645 1766 quae
667 1691 770 1763 debita
785 1691 882 1749 Musis

99 1770 147 1830 Tot
166 1775 257 1850 pleno
279 1776 371 1835 toties
386 1777 492 1837 fudisti
513 1776 639 1853 pignora
659 1775 763 1833 foetu?

99 1855 139 1913 Tu
158 1876 296 1936 generas,
320 1862 372 1938 qui
394 1862 462 1919 iura
484 1872 602 1939 regunt,
626 1860 677 1935 qui
695 1858 815 1938 legibus
836 1859 927 1917 urbes

98 1940 131 1998 lit
152 1946 261 2004 mactis
286 1947 360 2004 recti
383 1946 512 2023 populos
535 1947 732 2004 moderantur
751 1944 888 2003 habenis.

98 2024 158 2086 Non
180 2031 240 2088 alia
260 2032 347 2089 nasci
367 2028 522 2090 Puteanus
545 2032 648 2089 debuit
669 2033 755 2105 urbe,

98 2117 266 2191 Autpotuitq
292 2131 382 2192 quam
405 2136 481 2193 quae
503 2117 636 2194 propriis
659 2116 818 2175 nautibus
840 2114 925 2171 illum

98 2197 259 2274 Exeoleret‚
283 2202 472 2276 similemque
496 2202 560 2261 suls
582 2202 728 2259 formaret
749 2200 889 2257 alumnis.

97 2280 225 2345 Protinus
251 2286 375 2346 altrices
393 2287 536 2362 linquens
556 2287 686 2344 infantia
708 2304 801 2347 cunas

26 2344 28 2371 ⁵
98 2365 232 2428 imbuitur
254 2368 374 2443 studiis,
399 2380 429 2429 et
451 2373 548 2448 primo
572 2373 655 2442 flore,
677 2371 815 2427 Minerva

98 2451 254 2528 Eductriee,
277 2456 370 2515 rudes
392 2458 546 2534 poliuntur
567 2455 696 2512 cultibus
717 2454 798 2511 anni.

98 2535 248 2617 Excipiunt
267 2556 391 2617 puerum
414 2542 536 2620 gremiis
554 2540 733 2598 florentibus
761 2542 860 2595 Artes.

97 2624 166 2682 Ante
184 2628 410 2684 omnesteneri
431 2627 623 2685 moderamen
646 2623 773 2698 suscipit
793 2622 871 2695 aevi,

98 2704 171 2779 Quae
192 2713 293 2784 docet,
314 2720 349 2770 ut
365 2713 465 2789 primo
486 2712 634 2770 formetur
656 2710 743 2767 litera
764 2708 864 2779 ductu,

98 2789 133 2850 Ut
151 2798 311 2856 commissa
332 2798 396 2856 suis
418 2806 555 2855 nectatur
574 2796 694 2871 syllaba
714 2793 814 2851 nodis:

97 2878 189 2953 Atque
205 2901 261 2958 per
284 2882 428 2941 articulos
450 2883 652 2955 distincteque
671 2879 806 2936 membre
827 2874 947 2952 legendi

97 2958 223 3024 Daedala
240 2976 420 3044 perpetuam
440 2974 526 3025 texat
547 2972 695 3025 structura
714 2960 878 3036 loquelam:

97 3043 186 3123 thue
206 3053 270 3111 suis
291 3052 422 3129 pedibus
443 3052 612 3129 gradientia
634 3046 767 3104 carmina
788 3051 920 3121 surgant.

98 3128 168 3191 Huic
190 3156 280 3197 soror
300 3152 453 3195 exacuens
476 3136 583 3195 studiis
608 3132 730 3192 solertia
753 3129 856 3201 corda,

98 3213 132 3274 Et
151 3222 253 3280 stricto
275 3221 390 3279 vultum
413 3238 595 3296 componens
616 3216 751 3295 pondere
771 3214 871 3273 vultus

99 3296 227 3364 Succedit
247 3305 369 3380 critice,
392 3306 480 3383 pueri
501 3322 578 3378 quae
604 3301 746 3362 sensibus
767 3316 857 3358 omne

99 3381 255 3468 Cecropiae
277 3400 307 3449 et
325 3392 433 3449 Latiae
455 3397 572 3447 reserat
591 3385 748 3466 penetrale
770 3390 921 3454 senectae,

99 3468 238 3551 Quicquid
260 3477 342 3553 apud
365 3492 519 3545 numeros,
543 3472 675 3531 numeris
698 3476 749 3527 aut
768 3489 837 3529 orsa
856 3467 957 3528 soluta

98 3551 229 3621 Venturis
253 3561 346 3621 seclis
369 3558 619 3620 commendavere
636 3555 755 3634 papyri.

775 3653 794 3712 6
