2586 4214
625 317 776 410 232-

241 483 315 542 Nou
336 480 385 542 hic
406 493 547 545 veternos
570 485 765 545 dormientem
788 486 906 562 coepiat

244 568 417 629 oblivionis
435 571 591 645 Equirium
613 572 819 630 Melanthiuur.
905 587 908 592 ·

242 653 382 728 Namque
404 654 460 713 ibit
479 655 536 714 ibit
553 657 705 715 nauticum
726 656 766 714 ad
789 656 888 714 Ritbri
911 656 1023 728 sinum,
1065 680 1068 685 ⁴

246 740 287 797 Et
309 737 411 798 Neriti
431 759 589 799 cacumen:
609 741 774 800 intuebitur

176 827 231 879 770
247 825 362 883 Vastos
385 833 512 900 penates
536 844 648 900 susque
671 826 768 901 deque
787 825 922 885 funditus

246 909 364 986 Lux[u]
385 930 544 986 procorum
567 912 706 987 turpium.
726 919 758 969 at
781 918 901 986 scrapta
922 911 1067 987 improba
1135 934 1138 939 ’

248 992 391 1070 Speciose
411 996 581 1055 adulterata
602 996 740 1055 corrodet
760 995 892 1068 domum,

246 1080 336 1139 Luxu
358 1081 471 1140 miselli
490 1082 626 1141 absentis
650 1081 808 1140 effundens
827 1099 912 1156 opes.

246 1169 345 1240 Atque
365 1166 432 1241 ipse
448 1167 560 1224 ibidem
584 1166 777 1242 pluraquam
800 1166 832 1223 in
855 1164 961 1226 Scoeis
983 1163 1068 1222 mala

178 1247 230 1302 775
248 1250 363 1309 Videns
386 1251 593 1324 famelicum,
618 1271 637 1308 a
656 1250 827 1310 domesticis

246 1335 346 1394 Minas
368 1344 467 1395 toroso
491 1335 614 1394 tetricas
638 1336 731 1395 dorso
753 1335 816 1411 pati

248 1417 361 1480 Sennis
382 1438 541 1495 repressus
564 1421 670 1493 discet,
694 1428 725 1478 et
744 1419 875 1496 pavirier

149 1542 154 1549 -
247 1504 364 1582 Pugnis
385 1505 509 1580 iniquis,
531 1505 731 1581 frivolumque
754 1506 893 1564 iactibus.

248 1588 316 1648 Nec
337 1590 458 1648 insueta
480 1592 574 1669 flogra
594 1598 678 1650 sunt:
700 1590 852 1648 uberrima

179 1681 232 1736 780
248 1675 342 1733 Vibix
365 1684 467 1733 manet
485 1676 636 1734 Thoantis
656 1676 689 1733 in
707 1676 800 1755 tergis
820 1675 917 1732 adbuc

241 1760 356 1836 ,Lentis
377 1762 489 1820 betulis
509 1762 636 1836 sculpta,
655 1779 732 1835 quae
752 1761 828 1818 trico
846 1777 958 1818 nocens

188 1884 191 1889 «
249 1843 346 1906 Siccis
368 1846 455 1924 genis
478 1846 615 1924 infligere
638 1846 858 1918 exhortabitur,
951 1840 956 1850 ⁸

250 1929 371 1989 Gratum
397 1931 528 1989 libenter
549 1931 667 2006 corpori
686 1930 862 2006 insculpens
882 1936 986 1988 notem

249 2014 292 2075 Ut
314 2016 436 2075 nescios
458 2015 573 2074 illectet
594 2015 720 2073 oculatis
748 2015 835 2073 malis

183 2104 233 2158 785
250 2100 380 2172 Hostes,
403 2101 535 2175 querelis
554 2100 718 2176 principem
739 2100 887 2158 inducens
909 2116 1031 2158 senem:

253 2182 348 2257 Quem
368 2184 534 2263 Bombylea
554 2185 654 2257 vallis,
679 2193 709 2242 et
727 2184 891 2245 Temmicia

251 2270 368 2327 Infame
390 2270 476 2329 nobis
499 2278 579 2329 terra
599 2270 744 2346 produxit
762 2270 883 2342 malum,

253 2354 395 2415 Servatus
414 2375 493 2416 unus
513 2357 678 2414 navitarum
696 2355 727 2412 in
748 2355 884 2430 patriam.

250 2441 410 2500 Postremo
434 2440 531 2516 qualis
554 2441 636 2499 larus
662 2440 802 2517 angerius
826 2438 929 2510 moris,

183 2527 235 2581 790
253 2524 400 2600 Salsoque
424 2546 529 2584 murex
550 2543 659 2600 corpus
681 2525 761 2582 unda
784 2524 944 2594 exercitus,

252 2612 409 2670 Exhausta
429 2612 502 2669 luxu
523 2609 737 2670 Proniensium
761 2611 840 2668 bona

254 2696 336 2756 Olim
360 2715 377 2753 a
395 2697 534 2754 Lacaena
553 2696 656 2771 putida
674 2694 833 2753 offendens
851 2693 932 2767 lupo,

253 2781 349 2840 Portu
367 2781 473 2840 relicto
493 2799 601 2855 pessus
625 2781 743 2839 occidet
765 2798 861 2839 senex

254 2865 368 2926 Corvus
393 2868 448 2925 sub
471 2866 562 2925 armis
581 2864 681 2924 Neriti
700 2865 783 2922 lucos
807 2881 913 2940 prope:

184 2949 236 3003 795
255 2953 352 3028 Quem
374 2953 468 3010 latere
492 2952 578 3011 fosso
601 2950 702 3025 cuspis
725 2947 899 3007 incurabilis

253 3038 353 3096 Piscis
374 3037 493 3095 necabit
510 3036 614 3095 aculeo
638 3032 789 3094 Sardonii.

253 3122 412 3196 Notusque
432 3123 525 3196 patris
548 3121 682 3179 carnifex
702 3118 868 3188 vocabitur,

254 3206 383 3268 Achillis
405 3207 459 3265 ille
480 3206 683 3265 consobrinus
705 3203 854 3280 coniugis.

253 3293 332 3351 Post
352 3292 442 3350 funus
466 3310 606 3369 augurem
626 3291 760 3366 Eurytan
780 3286 910 3364 populus
930 3285 1021 3359 colet,

186 3371 238 3424 ⁸⁰⁰
255 3379 296 3436 Et
317 3378 368 3452 qui
390 3377 487 3434 cubile
509 3376 697 3451 Tramphyae
718 3374 833 3433 celsum
854 3378 953 3429 tenet:

255 3463 293 3522 In
316 3481 374 3536 qua
394 3461 513 3520 necabit
535 3460 695 3518 Herculem
717 3477 822 3517 rursus
845 3457 934 3514 draco

256 3546 449 3623 Tymphaeus
472 3547 505 3604 in
526 3544 672 3616 convivio,
693 3561 750 3602 rex
770 3541 941 3613 Aethicum,
