<?xml version="1.0" encoding="UTF-8"?>
<!DOCTYPE html PUBLIC "-//W3C//DTD XHTML 1.0 Transitional//EN"
    "http://www.w3.org/TR/xhtml1/DTD/xhtml1-transitional.dtd">
<html xmlns="http://www.w3.org/1999/xhtml" xml:lang="en" lang="en">
 <head>
  <title>
</title>
<meta http-equiv="Content-Type" content="text/html;charset=utf-8" />
  <meta name='ocr-system' content='tesseract 3.04.00' />
  <meta name='ocr-capabilities' content='ocr_page ocr_carea ocr_par ocr_line ocrx_word'/>
</head>
<body>
  <div class='ocr_page' id='page_1' title='image "./iosephiscaliger01scalgoog_0200.png"; bbox 0 0 2560 4216; ppageno 0'>
   <div class='ocr_carea' id='block_1_1' title="bbox 508 384 564 445">
    <p class='ocr_par' dir='ltr' id='par_1_1' title="bbox 508 384 564 445">
     <span class='ocr_line' id='line_1_1' title="bbox 508 384 564 445; baseline 0.018 -1"><span class='ocrx_word' id='word_1_1' title='bbox 508 384 564 445; x_wconf 74' lang='lat'><strong>195</strong></span> 
     </span>
    </p>
   </div>
   <div class='ocr_carea' id='block_1_2' title="bbox 77 547 988 1055">
    <p class='ocr_par' dir='ltr' id='par_1_2' title="bbox 77 547 988 782">
     <span class='ocr_line' id='line_1_2' title="bbox 77 547 988 639; baseline 0.004 -28"><span class='ocrx_word' id='word_1_2' title='bbox 77 552 168 624; x_wconf 52' lang='lat'><strong>224.</strong></span> <span class='ocrx_word' id='word_1_3' title='bbox 188 547 220 612; x_wconf 86' lang='grc' dir='ltr'><strong>εί</strong></span> <span class='ocrx_word' id='word_1_4' title='bbox 235 571 261 611; x_wconf 91' lang='grc' dir='ltr'><strong>τι</strong></span> <span class='ocrx_word' id='word_1_5' title='bbox 280 571 338 632; x_wconf 83' lang='grc' dir='ltr'><strong>περ</strong></span> <span class='ocrx_word' id='word_1_6' title='bbox 362 549 513 635; x_wconf 79' lang='grc' dir='ltr'>ἀντιβολῶ</span> <span class='ocrx_word' id='word_1_7' title='bbox 536 552 647 619; x_wconf 80' lang='grc' dir='ltr'>δειλῶς</span> <span class='ocrx_word' id='word_1_8' title='bbox 661 554 717 613; x_wconf 84' lang='grc' dir='ltr'><strong>σοῦ</strong></span> <span class='ocrx_word' id='word_1_9' title='bbox 729 552 789 635; x_wconf 91' lang='grc' dir='ltr'><strong>γροί</strong></span> <span class='ocrx_word' id='word_1_10' title='bbox 813 574 884 635; x_wconf 88' lang='grc' dir='ltr'><strong>ματι</strong></span> <span class='ocrx_word' id='word_1_11' title='bbox 897 552 988 639; x_wconf 64' lang='grc' dir='ltr'><strong>βαιῷ,</strong></span> 
     </span>
     <span class='ocr_line' id='line_1_3' title="bbox 123 576 855 782; baseline 0.007 -88"><span class='ocrx_word' id='word_1_12' title='bbox 123 634 160 717; x_wconf 82' lang='grc' dir='ltr'><strong>ἢν</strong></span> <span class='ocrx_word' id='word_1_13' title='bbox 182 634 224 742; x_wconf 85' lang='grc' dir='ltr'><strong>μὴ</strong></span> <span class='ocrx_word' id='word_1_14' title='bbox 245 634 368 738; x_wconf 72' lang='grc' dir='ltr'><strong>ἀναιδὲς</strong></span> <span class='ocrx_word' id='word_1_15' title='bbox 393 632 468 739; x_wconf 78' lang='grc' dir='ltr'><strong>ἀγαρ</strong></span> <span class='ocrx_word' id='word_1_16' title='bbox 491 633 512 720; x_wconf 68' lang='grc' dir='ltr'><strong><em>ᾗ</em></strong></span> <span class='ocrx_word' id='word_1_17' title='bbox 535 639 569 700; x_wconf 89' lang='grc' dir='ltr'><strong>τδ</strong></span> <span class='ocrx_word' id='word_1_18' title='bbox 594 635 734 782; x_wconf 65' lang='grc' dir='ltr'><strong>δέρμα[,]</strong></span> <span class='ocrx_word' id='word_1_19' title='bbox 759 576 855 699; x_wconf 74' lang='grc' dir='ltr'><strong>δίδον.</strong></span> 
     </span>
    </p>

    <p class='ocr_par' dir='ltr' id='par_1_3' title="bbox 79 719 856 889">
     <span class='ocr_line' id='line_1_4' title="bbox 79 719 856 889; baseline 0.003 -25"><span class='ocrx_word' id='word_1_20' title='bbox 79 719 296 888; x_wconf 52' lang='grc' dir='ltr'><strong>κῆόίμίιβδοὶῒιςγί</strong></span> <span class='ocrx_word' id='word_1_21' title='bbox 317 721 636 889; x_wconf 55' lang='grc' dir='ltr'><strong>ἰάρανὶἰόίεάγίδείαι,</strong></span> <span class='ocrx_word' id='word_1_22' title='bbox 660 803 731 868; x_wconf 84' lang='grc' dir='ltr'><strong>οὔτε</strong></span> <span class='ocrx_word' id='word_1_23' title='bbox 752 806 856 872; x_wconf 79' lang='grc' dir='ltr'><strong>λιταῖς.</strong></span> 
     </span>
    </p>

    <p class='ocr_par' dir='ltr' id='par_1_4' title="bbox 80 885 896 1055">
     <span class='ocr_line' id='line_1_5' title="bbox 80 885 896 974; baseline 0.001 -26"><span class='ocrx_word' id='word_1_24' title='bbox 80 885 143 971; x_wconf 84' lang='grc' dir='ltr'><strong>οἰιχ</strong></span> <span class='ocrx_word' id='word_1_25' title='bbox 163 889 177 951; x_wconf 88' lang='grc' dir='ltr'><strong>ό</strong></span> <span class='ocrx_word' id='word_1_26' title='bbox 199 887 280 951; x_wconf 77' lang='grc' dir='ltr'><strong>θεῶν</strong></span> <span class='ocrx_word' id='word_1_27' title='bbox 302 892 389 972; x_wconf 72' lang='grc' dir='ltr'><strong>κηρῷ</strong></span> <span class='ocrx_word' id='word_1_28' title='bbox 409 888 460 950; x_wconf 90' lang='grc' dir='ltr'><strong>καὶ</strong></span> <span class='ocrx_word' id='word_1_29' title='bbox 479 888 582 974; x_wconf 85' lang='grc' dir='ltr'><strong>λόγδιρ</strong></span> <span class='ocrx_word' id='word_1_30' title='bbox 601 888 724 951; x_wconf 89' lang='grc' dir='ltr'><strong>δείκελα</strong></span> <span class='ocrx_word' id='word_1_31' title='bbox 745 888 896 966; x_wconf 82' lang='grc' dir='ltr'><strong>πλάττων,</strong></span> 
     </span>
     <span class='ocr_line' id='line_1_6' title="bbox 123 970 805 1055; baseline 0 -21"><span class='ocrx_word' id='word_1_32' title='bbox 123 971 202 1034; x_wconf 87' lang='grc' dir='ltr'><strong>ἀλλά</strong></span> <span class='ocrx_word' id='word_1_33' title='bbox 226 970 320 1040; x_wconf 79' lang='grc' dir='ltr'><strong>θεοὺς</strong></span> <span class='ocrx_word' id='word_1_34' title='bbox 343 977 427 1035; x_wconf 90' lang='grc' dir='ltr'><strong>ποιεῖ</strong></span> <span class='ocrx_word' id='word_1_35' title='bbox 447 974 593 1055; x_wconf 81' lang='grc' dir='ltr'><strong>μοῦνοςό</strong></span> <span class='ocrx_word' id='word_1_36' title='bbox 616 972 805 1055; x_wconf 88' lang='grc' dir='ltr'><strong>λισαόμενος.</strong></span> 
     </span>
    </p>
   </div>
   <div class='ocr_carea' id='block_1_3' title="bbox 647 719 885 804">
    <p class='ocr_par' dir='ltr' id='par_1_5' title="bbox 647 719 885 804">
     <span class='ocr_line' id='line_1_7' title="bbox 647 719 885 804; baseline 0 -21"><span class='ocrx_word' id='word_1_37' title='bbox 647 742 727 803; x_wconf 83' lang='grc' dir='ltr'><strong>μπης</strong></span> <span class='ocrx_word' id='word_1_38' title='bbox 749 719 885 804; x_wconf 85' lang='grc' dir='ltr'><strong>ἀνέχοιο.</strong></span> 
     </span>
    </p>
   </div>
   <div class='ocr_carea' id='block_1_4' title="bbox 80 1136 968 1393">
    <p class='ocr_par' dir='ltr' id='par_1_6' title="bbox 80 1136 968 1393">
     <span class='ocr_line' id='line_1_8' title="bbox 80 1136 968 1224; baseline 0.002 -23"><span class='ocrx_word' id='word_1_39' title='bbox 80 1142 167 1215; x_wconf 78' lang='grc'><strong>2,91.</strong></span> <span class='ocrx_word' id='word_1_40' title='bbox 188 1137 281 1224; x_wconf 78' lang='grc' dir='ltr'><strong>εὖχος</strong></span> <span class='ocrx_word' id='word_1_41' title='bbox 299 1143 353 1217; x_wconf 77' lang='grc' dir='ltr'><strong>τοῦ</strong></span> <span class='ocrx_word' id='word_1_42' title='bbox 370 1136 497 1222; x_wconf 82' lang='grc' dir='ltr'>κόσμου,</span> <span class='ocrx_word' id='word_1_43' title='bbox 513 1143 573 1202; x_wconf 85' lang='grc' dir='ltr'><strong>τῶν</strong></span> <span class='ocrx_word' id='word_1_44' title='bbox 594 1139 700 1218; x_wconf 81' lang='grc' dir='ltr'><strong>όντων,</strong></span> <span class='ocrx_word' id='word_1_45' title='bbox 712 1137 845 1224; x_wconf 83' lang='grc' dir='ltr'><strong>Καῖσαρ,</strong></span> <span class='ocrx_word' id='word_1_46' title='bbox 856 1136 968 1223; x_wconf 82' lang='grc' dir='ltr'><strong>ἔρυμα,</strong></span> 
     </span>
     <span class='ocr_line' id='line_1_9' title="bbox 124 1222 817 1306; baseline 0.003 -19"><span class='ocrx_word' id='word_1_47' title='bbox 124 1223 158 1287; x_wconf 85' lang='grc' dir='ltr'><strong>οὖ</strong></span> <span class='ocrx_word' id='word_1_48' title='bbox 178 1222 356 1306; x_wconf 80' lang='grc' dir='ltr'><strong>πιδόμεσδα</strong></span> <span class='ocrx_word' id='word_1_49' title='bbox 375 1222 478 1288; x_wconf 83' lang='grc' dir='ltr'><strong>πέλειν</strong></span> <span class='ocrx_word' id='word_1_50' title='bbox 501 1223 692 1305; x_wconf 73' lang='grc' dir='ltr'><strong>σωζομένοιο</strong></span> <span class='ocrx_word' id='word_1_51' title='bbox 714 1223 817 1300; x_wconf 75' lang='grc' dir='ltr'><strong>θεοὺς,</strong></span> 
     </span>
     <span class='ocr_line' id='line_1_10' title="bbox 81 1305 774 1393; baseline 0.003 -24"><span class='ocrx_word' id='word_1_52' title='bbox 81 1308 109 1370; x_wconf 89' lang='grc' dir='ltr'><strong>εἰ</strong></span> <span class='ocrx_word' id='word_1_53' title='bbox 132 1313 184 1371; x_wconf 84' lang='grc' dir='ltr'><strong>σοδ</strong></span> <span class='ocrx_word' id='word_1_54' title='bbox 205 1307 276 1376; x_wconf 80' lang='grc' dir='ltr'><strong>τοὺς</strong></span> <span class='ocrx_word' id='word_1_55' title='bbox 296 1305 407 1376; x_wconf 88' lang='grc' dir='ltr'><strong>όσσους</strong></span> <span class='ocrx_word' id='word_1_56' title='bbox 429 1308 643 1393; x_wconf 82' lang='grc' dir='ltr'><strong>αὐτοσχεδίοιο</strong></span> <span class='ocrx_word' id='word_1_57' title='bbox 666 1309 774 1373; x_wconf 83' lang='grc' dir='ltr'><strong>πόνοιο</strong></span> 
     </span>
    </p>
   </div>
   <div class='ocr_carea' id='block_1_5' title="bbox 82 1356 949 1561">
    <p class='ocr_par' dir='ltr' id='par_1_7' title="bbox 82 1356 949 1561">
     <span class='ocr_line' id='line_1_11' title="bbox 82 1356 949 1561; baseline -0.001 -106"><span class='ocrx_word' id='word_1_58' title='bbox 82 1392 215 1561; x_wconf 62' lang='grc' dir='ltr'><strong>ὅφιβλί</strong></span> <span class='ocrx_word' id='word_1_59' title='bbox 239 1389 420 1473; x_wconf 77' lang='grc' dir='ltr'><strong>ἀναγνόντος</strong></span> <span class='ocrx_word' id='word_1_60' title='bbox 434 1392 545 1462; x_wconf 78' lang='grc' dir='ltr'><strong>θέλξαν</strong></span> <span class='ocrx_word' id='word_1_61' title='bbox 565 1394 669 1457; x_wconf 81' lang='grc' dir='ltr'><strong>ἀοιδαὶ</strong></span> <span class='ocrx_word' id='word_1_62' title='bbox 691 1393 774 1476; x_wconf 79' lang='grc' dir='ltr'><strong>ἐμαί,</strong></span> <span class='ocrx_word' id='word_1_63' title='bbox 824 1446 826 1451; x_wconf 73' lang='grc'>,</span> <span class='ocrx_word' id='word_1_64' title='bbox 945 1356 949 1363; x_wconf 26' lang='lat'>⁸</span> 
     </span>
    </p>
   </div>
   <div class='ocr_carea' id='block_1_6' title="bbox 140 1478 147 1497">
    <p class='ocr_par' dir='ltr' id='par_1_8' title="bbox 140 1478 147 1497">
     <span class='ocr_line' id='line_1_12' title="bbox 140 1478 147 1497; baseline 0 0"><span class='ocrx_word' id='word_1_65' title='bbox 140 1478 147 1497; x_wconf 69' lang='lat' dir='ltr'>f</span> 
     </span>
    </p>
   </div>
   <div class='ocr_carea' id='block_1_7' title="bbox 82 1473 914 1815">
    <p class='ocr_par' dir='ltr' id='par_1_9' title="bbox 124 1473 889 1646">
     <span class='ocr_line' id='line_1_13' title="bbox 138 1473 889 1562; baseline -0.004 -22"><span class='ocrx_word' id='word_1_66' title='bbox 138 1500 173 1562; x_wconf 87' lang='grc' dir='ltr'><strong>μα</strong></span> <span class='ocrx_word' id='word_1_67' title='bbox 195 1475 272 1560; x_wconf 79' lang='grc' dir='ltr'><strong>τόχη</strong></span> <span class='ocrx_word' id='word_1_68' title='bbox 295 1477 427 1552; x_wconf 84' lang='grc' dir='ltr'><strong>κώλοσε,</strong></span> <span class='ocrx_word' id='word_1_69' title='bbox 449 1478 549 1540; x_wconf 86' lang='grc' dir='ltr'><strong>δοκεῖν</strong></span> <span class='ocrx_word' id='word_1_70' title='bbox 572 1478 701 1562; x_wconf 82' lang='grc' dir='ltr'><strong>ποίησον</strong></span> <span class='ocrx_word' id='word_1_71' title='bbox 725 1476 775 1561; x_wconf 83' lang='grc' dir='ltr'><strong>ἔμ’</strong></span> <span class='ocrx_word' id='word_1_72' title='bbox 801 1473 889 1552; x_wconf 85' lang='grc' dir='ltr'><strong>εἰναι,</strong></span> 
     </span>
     <span class='ocr_line' id='line_1_14' title="bbox 124 1560 760 1646; baseline 0.005 -22"><span class='ocrx_word' id='word_1_73' title='bbox 124 1563 208 1625; x_wconf 82' lang='grc' dir='ltr'><strong>ὥστε</strong></span> <span class='ocrx_word' id='word_1_74' title='bbox 222 1560 398 1631; x_wconf 77' lang='grc' dir='ltr'><strong>κλεΐζεσδαι</strong></span> <span class='ocrx_word' id='word_1_75' title='bbox 419 1562 603 1643; x_wconf 80' lang='grc' dir='ltr'><strong>παιδογόνον</strong></span> <span class='ocrx_word' id='word_1_76' title='bbox 626 1563 760 1646; x_wconf 69' lang='grc' dir='ltr'><strong>τριάδος.</strong></span> 
     </span>
    </p>

    <p class='ocr_par' dir='ltr' id='par_1_10' title="bbox 82 1643 914 1815">
     <span class='ocr_line' id='line_1_15' title="bbox 82 1643 914 1731; baseline -0.001 -24"><span class='ocrx_word' id='word_1_77' title='bbox 82 1644 140 1729; x_wconf 76' lang='grc' dir='ltr'><strong>εἴγ’</strong></span> <span class='ocrx_word' id='word_1_78' title='bbox 160 1646 215 1709; x_wconf 80' lang='grc' dir='ltr'><strong>οὐκ</strong></span> <span class='ocrx_word' id='word_1_79' title='bbox 234 1643 335 1727; x_wconf 78' lang='grc' dir='ltr'><strong>ἤρεσα</strong></span> <span class='ocrx_word' id='word_1_80' title='bbox 358 1646 415 1721; x_wconf 85' lang='grc' dir='ltr'><strong>σοὶ,</strong></span> <span class='ocrx_word' id='word_1_81' title='bbox 436 1645 508 1709; x_wconf 87' lang='grc' dir='ltr'><strong>τόδε</strong></span> <span class='ocrx_word' id='word_1_82' title='bbox 532 1648 583 1730; x_wconf 86' lang='grc' dir='ltr'><strong>μοὶ</strong></span> <span class='ocrx_word' id='word_1_83' title='bbox 605 1646 799 1731; x_wconf 72' lang='grc' dir='ltr'><strong>παραμύθιον</strong></span> <span class='ocrx_word' id='word_1_84' title='bbox 824 1643 914 1707; x_wconf 83' lang='grc' dir='ltr'><strong>ἔστω.</strong></span> 
     </span>
     <span class='ocr_line' id='line_1_16' title="bbox 124 1727 890 1815; baseline -0.003 -23"><span class='ocrx_word' id='word_1_85' title='bbox 124 1730 151 1792; x_wconf 88' lang='grc' dir='ltr'><strong>εἰ</strong></span> <span class='ocrx_word' id='word_1_86' title='bbox 172 1730 207 1794; x_wconf 78' lang='grc' dir='ltr'><strong>δέ</strong></span> <span class='ocrx_word' id='word_1_87' title='bbox 228 1751 278 1792; x_wconf 94' lang='grc' dir='ltr'><strong>σοι</strong></span> <span class='ocrx_word' id='word_1_88' title='bbox 297 1728 399 1812; x_wconf 71' lang='grc' dir='ltr'><strong>ἥρω’,</strong></span> <span class='ocrx_word' id='word_1_89' title='bbox 421 1730 490 1814; x_wconf 82' lang='grc' dir='ltr'><strong>ἐμοὶ</strong></span> <span class='ocrx_word' id='word_1_90' title='bbox 513 1729 600 1794; x_wconf 75' lang='grc' dir='ltr'><strong>ταῦτ’</strong></span> <span class='ocrx_word' id='word_1_91' title='bbox 626 1730 767 1815; x_wconf 76' lang='grc' dir='ltr'><strong>ἐπίχειρα</strong></span> <span class='ocrx_word' id='word_1_92' title='bbox 791 1727 890 1791; x_wconf 82' lang='grc' dir='ltr'><strong>πέλοι.</strong></span> 
     </span>
    </p>
   </div>
   <div class='ocr_carea' id='block_1_8' title="bbox 82 1894 989 2572">
    <p class='ocr_par' dir='ltr' id='par_1_11' title="bbox 83 1894 989 2067">
     <span class='ocr_line' id='line_1_17' title="bbox 83 1894 989 1983; baseline 0.009 -25"><span class='ocrx_word' id='word_1_93' title='bbox 83 1899 166 1972; x_wconf 85' lang='grc'><strong>9,18.</strong></span> <span class='ocrx_word' id='word_1_94' title='bbox 187 1896 266 1960; x_wconf 83' lang='grc' dir='ltr'><strong>ἔστιν</strong></span> <span class='ocrx_word' id='word_1_95' title='bbox 280 1898 349 1982; x_wconf 83' lang='grc' dir='ltr'><strong>ἐμοὶ</strong></span> <span class='ocrx_word' id='word_1_96' title='bbox 358 1898 423 1978; x_wconf 87' lang='grc' dir='ltr'><strong>(καὶ</strong></span> <span class='ocrx_word' id='word_1_97' title='bbox 437 1900 529 1982; x_wconf 79' lang='grc' dir='ltr'><strong>δηρόν</strong></span> <span class='ocrx_word' id='word_1_98' title='bbox 545 1896 591 1962; x_wconf 89' lang='grc' dir='ltr'><strong>ἔοι</strong></span> <span class='ocrx_word' id='word_1_99' title='bbox 601 1894 866 1982; x_wconf 77' lang='grc' dir='ltr'><strong>σέο,Καῖσαρ,ἐπ’</strong></span> <span class='ocrx_word' id='word_1_100' title='bbox 877 1898 989 1983; x_wconf 76' lang='grc' dir='ltr'><strong>ἀρχῆς)</strong></span> 
     </span>
     <span class='ocr_line' id='line_1_18' title="bbox 122 1982 821 2067; baseline -0.001 -22"><span class='ocrx_word' id='word_1_101' title='bbox 122 1984 236 2066; x_wconf 80' lang='grc' dir='ltr'><strong>γήδιον,</strong></span> <span class='ocrx_word' id='word_1_102' title='bbox 260 1982 291 2045; x_wconf 87' lang='grc' dir='ltr'><strong>ἐν</strong></span> <span class='ocrx_word' id='word_1_103' title='bbox 312 1983 347 2045; x_wconf 79' lang='grc' dir='ltr'><strong>δὲ</strong></span> <span class='ocrx_word' id='word_1_104' title='bbox 368 1983 458 2045; x_wconf 87' lang='grc' dir='ltr'><strong>πόλει</strong></span> <span class='ocrx_word' id='word_1_105' title='bbox 482 1984 534 2046; x_wconf 86' lang='grc' dir='ltr'><strong>καὶ</strong></span> <span class='ocrx_word' id='word_1_106' title='bbox 558 1985 663 2067; x_wconf 81' lang='grc' dir='ltr'><strong>μικρὸν</strong></span> <span class='ocrx_word' id='word_1_107' title='bbox 682 1983 821 2046; x_wconf 81' lang='grc' dir='ltr'><strong>οἰκίδιον.</strong></span> 
     </span>
    </p>

    <p class='ocr_par' dir='ltr' id='par_1_12' title="bbox 83 2064 917 2237">
     <span class='ocr_line' id='line_1_19' title="bbox 83 2064 917 2153; baseline 0.002 -26"><span class='ocrx_word' id='word_1_108' title='bbox 83 2064 250 2150; x_wconf 85' lang='grc' dir='ltr'><strong>δργοινικοῖς</strong></span> <span class='ocrx_word' id='word_1_109' title='bbox 271 2067 306 2129; x_wconf 76' lang='grc' dir='ltr'><strong>δὲ</strong></span> <span class='ocrx_word' id='word_1_110' title='bbox 324 2067 429 2134; x_wconf 84' lang='grc' dir='ltr'><strong>πόνοις</strong></span> <span class='ocrx_word' id='word_1_111' title='bbox 448 2068 552 2152; x_wconf 79' lang='grc' dir='ltr'><strong>ὀλίγης</strong></span> <span class='ocrx_word' id='word_1_112' title='bbox 573 2069 638 2132; x_wconf 85' lang='grc' dir='ltr'><strong>ἀπδ</strong></span> <span class='ocrx_word' id='word_1_113' title='bbox 655 2072 738 2150; x_wconf 81' lang='grc' dir='ltr'><strong>νᾶμα</strong></span> <span class='ocrx_word' id='word_1_114' title='bbox 759 2068 917 2153; x_wconf 82' lang='grc' dir='ltr'><strong>φάραγγος</strong></span> 
     </span>
     <span class='ocr_line' id='line_1_20' title="bbox 123 2149 785 2237; baseline -0.003 -23"><span class='ocrx_word' id='word_1_115' title='bbox 123 2151 252 2227; x_wconf 78' lang='grc' dir='ltr'><strong>ἕλκεται,</strong></span> <span class='ocrx_word' id='word_1_116' title='bbox 275 2152 350 2214; x_wconf 84' lang='grc' dir='ltr'><strong>ὥστ’</strong></span> <span class='ocrx_word' id='word_1_117' title='bbox 365 2151 466 2235; x_wconf 87' lang='grc' dir='ltr'><strong>ἄρδειν</strong></span> <span class='ocrx_word' id='word_1_118' title='bbox 487 2152 618 2237; x_wconf 84' lang='grc' dir='ltr'><strong>όρχατον</strong></span> <span class='ocrx_word' id='word_1_119' title='bbox 642 2149 785 2224; x_wconf 76' lang='grc' dir='ltr'><strong>ἀζαλέον.</strong></span> 
     </span>
    </p>

    <p class='ocr_par' dir='ltr' id='par_1_13' title="bbox 83 2233 904 2405">
     <span class='ocr_line' id='line_1_21' title="bbox 83 2233 904 2320; baseline 0.002 -24"><span class='ocrx_word' id='word_1_120' title='bbox 83 2233 152 2297; x_wconf 81' lang='grc' dir='ltr'><strong>ἀλλ’</strong></span> <span class='ocrx_word' id='word_1_121' title='bbox 173 2237 188 2299; x_wconf 93' lang='grc' dir='ltr'><strong>ό</strong></span> <span class='ocrx_word' id='word_1_122' title='bbox 209 2236 306 2318; x_wconf 84' lang='grc' dir='ltr'><strong>δόμος</strong></span> <span class='ocrx_word' id='word_1_123' title='bbox 326 2237 434 2320; x_wconf 80' lang='grc' dir='ltr'><strong>διψῶν,</strong></span> <span class='ocrx_word' id='word_1_124' title='bbox 459 2236 504 2300; x_wconf 88' lang='grc' dir='ltr'><strong>ότι</strong></span> <span class='ocrx_word' id='word_1_125' title='bbox 527 2260 575 2320; x_wconf 89' lang='grc' dir='ltr'><strong>μιν</strong></span> <span class='ocrx_word' id='word_1_126' title='bbox 597 2237 679 2320; x_wconf 80' lang='grc' dir='ltr'><strong>’ρανίς</strong></span> <span class='ocrx_word' id='word_1_127' title='bbox 701 2235 783 2304; x_wconf 87' lang='grc' dir='ltr'><strong>οότις</strong></span> <span class='ocrx_word' id='word_1_128' title='bbox 806 2236 904 2311; x_wconf 90' lang='grc' dir='ltr'><strong>ἰαίνει,</strong></span> 
     </span>
     <span class='ocr_line' id='line_1_22' title="bbox 122 2319 835 2405; baseline -0.001 -23"><span class='ocrx_word' id='word_1_129' title='bbox 122 2321 218 2382; x_wconf 83' lang='grc' dir='ltr'><strong>κλαίει</strong></span> <span class='ocrx_word' id='word_1_130' title='bbox 240 2319 348 2404; x_wconf 91' lang='grc' dir='ltr'><strong>καίπερ</strong></span> <span class='ocrx_word' id='word_1_131' title='bbox 372 2320 455 2404; x_wconf 81' lang='grc' dir='ltr'><strong>όδοιρ</strong></span> <span class='ocrx_word' id='word_1_132' title='bbox 478 2319 613 2405; x_wconf 84' lang='grc' dir='ltr'><strong>Μάρτιον</strong></span> <span class='ocrx_word' id='word_1_133' title='bbox 635 2320 722 2403; x_wconf 82' lang='grc' dir='ltr'><strong>ἐγγὺς</strong></span> <span class='ocrx_word' id='word_1_134' title='bbox 743 2320 835 2404; x_wconf 87' lang='grc' dir='ltr'><strong>ἔχων.</strong></span> 
     </span>
    </p>

    <p class='ocr_par' dir='ltr' id='par_1_14' title="bbox 82 2399 968 2572">
     <span class='ocr_line' id='line_1_23' title="bbox 82 2399 968 2490; baseline 0.005 -28"><span class='ocrx_word' id='word_1_135' title='bbox 82 2399 118 2483; x_wconf 79' lang='grc' dir='ltr'><strong>ἣν</strong></span> <span class='ocrx_word' id='word_1_136' title='bbox 138 2404 241 2490; x_wconf 57' lang='grc' dir='ltr'><strong>λιβοίδ)</strong></span> <span class='ocrx_word' id='word_1_137' title='bbox 260 2404 432 2488; x_wconf 75' lang='grc' dir='ltr'><strong>ἡμετέροις,</strong></span> <span class='ocrx_word' id='word_1_138' title='bbox 452 2401 586 2488; x_wconf 87' lang='grc' dir='ltr'><strong>Καῖσαρ,</strong></span> <span class='ocrx_word' id='word_1_139' title='bbox 613 2404 787 2487; x_wconf 90' lang='grc' dir='ltr'><strong>μεγοίροισιν</strong></span> <span class='ocrx_word' id='word_1_140' title='bbox 812 2402 968 2480; x_wconf 76' lang='grc' dir='ltr'><strong>ὀπάσσαις,</strong></span> 
     </span>
     <span class='ocr_line' id='line_1_24' title="bbox 122 2484 860 2572; baseline -0.004 -22"><span class='ocrx_word' id='word_1_141' title='bbox 122 2484 274 2558; x_wconf 83' lang='grc' dir='ltr'><strong>Κασταλίς</strong></span> <span class='ocrx_word' id='word_1_142' title='bbox 294 2488 344 2572; x_wconf 80' lang='grc' dir='ltr'><strong>ἥδ’</strong></span> <span class='ocrx_word' id='word_1_143' title='bbox 367 2487 452 2551; x_wconf 82' lang='grc' dir='ltr'><strong>ἔσται</strong></span> <span class='ocrx_word' id='word_1_144' title='bbox 471 2489 522 2551; x_wconf 91' lang='grc' dir='ltr'><strong>καί</strong></span> <span class='ocrx_word' id='word_1_145' title='bbox 544 2490 616 2556; x_wconf 79' lang='grc' dir='ltr'><strong>Διὸς</strong></span> <span class='ocrx_word' id='word_1_146' title='bbox 640 2487 756 2571; x_wconf 80' lang='grc' dir='ltr'><strong>ὄμβρος</strong></span> <span class='ocrx_word' id='word_1_147' title='bbox 782 2486 860 2569; x_wconf 80' lang='grc' dir='ltr'><strong>ἐμοί.</strong></span> 
     </span>
    </p>
   </div>
   <div class='ocr_carea' id='block_1_9' title="bbox 83 2655 991 3743">
    <p class='ocr_par' dir='ltr' id='par_1_15' title="bbox 84 2655 989 2826">
     <span class='ocr_line' id='line_1_25' title="bbox 84 2655 989 2742; baseline 0.006 -28"><span class='ocrx_word' id='word_1_148' title='bbox 84 2655 169 2729; x_wconf 84' lang='grc'><strong>6,10.</strong></span> <span class='ocrx_word' id='word_1_149' title='bbox 198 2658 248 2720; x_wconf 87' lang='grc' dir='ltr'><strong>τὸν</strong></span> <span class='ocrx_word' id='word_1_150' title='bbox 271 2658 329 2720; x_wconf 87' lang='grc' dir='ltr'><strong>Δία</strong></span> <span class='ocrx_word' id='word_1_151' title='bbox 345 2659 489 2742; x_wconf 81' lang='grc' dir='ltr'><strong>χιλιάδας</strong></span> <span class='ocrx_word' id='word_1_152' title='bbox 511 2659 632 2739; x_wconf 87' lang='grc' dir='ltr'><strong>παόροις</strong></span> <span class='ocrx_word' id='word_1_153' title='bbox 659 2657 792 2719; x_wconf 84' lang='grc' dir='ltr'><strong>αἰτοῦντι</strong></span> <span class='ocrx_word' id='word_1_154' title='bbox 816 2678 867 2738; x_wconf 89' lang='grc' dir='ltr'><strong>μοι</strong></span> <span class='ocrx_word' id='word_1_155' title='bbox 888 2655 989 2742; x_wconf 82' lang='grc' dir='ltr'><strong>ἀκμὴν</strong></span> 
     </span>
     <span class='ocr_line' id='line_1_26' title="bbox 124 2739 846 2826; baseline 0.003 -24"><span class='ocrx_word' id='word_1_156' title='bbox 124 2740 170 2802; x_wconf 90' lang='grc' dir='ltr'><strong>σοί</strong></span> <span class='ocrx_word' id='word_1_157' title='bbox 193 2740 285 2822; x_wconf 84' lang='grc' dir='ltr'><strong>δότω,</strong></span> <span class='ocrx_word' id='word_1_158' title='bbox 304 2741 386 2811; x_wconf 79' lang='grc' dir='ltr'><strong>ὅστις</strong></span> <span class='ocrx_word' id='word_1_159' title='bbox 409 2741 488 2826; x_wconf 79' lang='grc' dir='ltr'><strong>ἐμοὶ,</strong></span> <span class='ocrx_word' id='word_1_160' title='bbox 511 2743 612 2826; x_wconf 77' lang='grc' dir='ltr'><strong>φησίν,</strong></span> <span class='ocrx_word' id='word_1_161' title='bbox 635 2739 734 2804; x_wconf 77' lang='grc' dir='ltr'><strong>ἔδωκε</strong></span> <span class='ocrx_word' id='word_1_162' title='bbox 757 2743 846 2804; x_wconf 79' lang='grc' dir='ltr'><strong>νεών.</strong></span> 
     </span>
    </p>

    <p class='ocr_par' dir='ltr' id='par_1_16' title="bbox 83 2819 882 2994">
     <span class='ocr_line' id='line_1_27' title="bbox 83 2819 882 2973; baseline 0.008 -91"><span class='ocrx_word' id='word_1_163' title='bbox 83 2819 125 2907; x_wconf 74' lang='grc' dir='ltr'><strong>τῷ</strong></span> <span class='ocrx_word' id='word_1_164' title='bbox 143 2824 191 2887; x_wconf 81' lang='grc' dir='ltr'><strong>Διῒ</strong></span> <span class='ocrx_word' id='word_1_165' title='bbox 216 2827 296 2889; x_wconf 85' lang='grc' dir='ltr'><strong>δῶκε</strong></span> <span class='ocrx_word' id='word_1_166' title='bbox 319 2828 397 2889; x_wconf 86' lang='grc' dir='ltr'><strong>νεὼν</strong></span> <span class='ocrx_word' id='word_1_167' title='bbox 421 2830 486 2908; x_wconf 84' lang='grc' dir='ltr'><strong>μὲν,</strong></span> <span class='ocrx_word' id='word_1_168' title='bbox 508 2829 583 2911; x_wconf 83' lang='grc' dir='ltr'><strong>ἀτοίρ</strong></span> <span class='ocrx_word' id='word_1_169' title='bbox 609 2849 661 2909; x_wconf 89' lang='grc' dir='ltr'><strong>μοι</strong></span> <span class='ocrx_word' id='word_1_170' title='bbox 679 2824 799 2973; x_wconf 54' lang='grc' dir='ltr'><strong>γγιλιοίδ)</strong></span> <span class='ocrx_word' id='word_1_171' title='bbox 821 2824 882 2909; x_wconf 76' lang='grc' dir='ltr'><strong>ἤδη</strong></span> 
     </span>
     <span class='ocr_line' id='line_1_28' title="bbox 125 2906 810 2994; baseline 0.001 -24"><span class='ocrx_word' id='word_1_172' title='bbox 125 2906 349 2994; x_wconf 53' lang='grc' dir='ltr'><strong>οότινα.,παδρ&gt;</strong></span> <span class='ocrx_word' id='word_1_173' title='bbox 371 2913 463 2975; x_wconf 81' lang='grc' dir='ltr'><strong>αἰτεῖν</strong></span> <span class='ocrx_word' id='word_1_174' title='bbox 486 2916 536 2976; x_wconf 85' lang='grc' dir='ltr'><strong>τὸν</strong></span> <span class='ocrx_word' id='word_1_175' title='bbox 559 2912 633 2974; x_wconf 78' lang='grc' dir='ltr'><strong>δεδν</strong></span> <span class='ocrx_word' id='word_1_176' title='bbox 657 2932 677 2973; x_wconf 99' lang='grc' dir='ltr'><strong>α</strong></span> <span class='ocrx_word' id='word_1_177' title='bbox 691 2910 810 2992; x_wconf 85' lang='grc' dir='ltr'><strong>δέομαι.</strong></span> 
     </span>
    </p>

    <p class='ocr_par' dir='ltr' id='par_1_17' title="bbox 85 2989 931 3165">
     <span class='ocr_line' id='line_1_29' title="bbox 85 2989 931 3079; baseline 0 -25"><span class='ocrx_word' id='word_1_178' title='bbox 85 2989 152 3055; x_wconf 77' lang='grc' dir='ltr'><strong>ἀλλ’</strong></span> <span class='ocrx_word' id='word_1_179' title='bbox 174 2997 216 3062; x_wconf 83' lang='grc' dir='ltr'><strong>ὡς</strong></span> <span class='ocrx_word' id='word_1_180' title='bbox 238 2994 389 3079; x_wconf 81' lang='grc' dir='ltr'><strong>ἀνέφελος</strong></span> <span class='ocrx_word' id='word_1_181' title='bbox 410 2998 523 3074; x_wconf 89' lang='grc' dir='ltr'><strong>τε,καί</strong></span> <span class='ocrx_word' id='word_1_182' title='bbox 545 3000 588 3063; x_wconf 82' lang='grc' dir='ltr'><strong>ὡς</strong></span> <span class='ocrx_word' id='word_1_183' title='bbox 609 2996 778 3076; x_wconf 83' lang='grc' dir='ltr'><strong>ἀτάρακτος</strong></span> <span class='ocrx_word' id='word_1_184' title='bbox 800 2991 931 3071; x_wconf 76' lang='grc' dir='ltr'><strong>ἰδέσθαι,</strong></span> 
     </span>
     <span class='ocr_line' id='line_1_30' title="bbox 124 3076 824 3165; baseline -0.001 -25"><span class='ocrx_word' id='word_1_185' title='bbox 124 3080 165 3146; x_wconf 79' lang='grc' dir='ltr'><strong>ὡς</strong></span> <span class='ocrx_word' id='word_1_186' title='bbox 186 3076 335 3162; x_wconf 81' lang='grc' dir='ltr'><strong>ἀδόνητος</strong></span> <span class='ocrx_word' id='word_1_187' title='bbox 358 3080 434 3163; x_wconf 80' lang='grc' dir='ltr'><strong>ἐμὰς</strong></span> <span class='ocrx_word' id='word_1_188' title='bbox 449 3080 568 3165; x_wconf 74' lang='grc' dir='ltr'><strong>πρόσθε</strong></span> <span class='ocrx_word' id='word_1_189' title='bbox 587 3079 710 3142; x_wconf 79' lang='grc' dir='ltr'><strong>δέδεντο</strong></span> <span class='ocrx_word' id='word_1_190' title='bbox 733 3077 824 3145; x_wconf 82' lang='grc' dir='ltr'><strong>λιτάς.</strong></span> 
     </span>
    </p>

    <p class='ocr_par' dir='ltr' id='par_1_18' title="bbox 84 3161 836 3317">
     <span class='ocr_line' id='line_1_31' title="bbox 84 3161 803 3247; baseline 0.001 -27"><span class='ocrx_word' id='word_1_191' title='bbox 84 3164 161 3230; x_wconf 86' lang='grc' dir='ltr'><strong>τοῖος</strong></span> <span class='ocrx_word' id='word_1_192' title='bbox 178 3166 242 3231; x_wconf 83' lang='grc' dir='ltr'><strong>τοῖς</strong></span> <span class='ocrx_word' id='word_1_193' title='bbox 262 3161 371 3227; x_wconf 83' lang='grc' dir='ltr'><strong>Δακῶν</strong></span> <span class='ocrx_word' id='word_1_194' title='bbox 395 3165 505 3234; x_wconf 80' lang='grc' dir='ltr'><strong>ἱκέταις</strong></span> <span class='ocrx_word' id='word_1_195' title='bbox 527 3165 662 3247; x_wconf 82' lang='grc' dir='ltr'><strong>διάδημα</strong></span> <span class='ocrx_word' id='word_1_196' title='bbox 686 3161 803 3236; x_wconf 84' lang='grc' dir='ltr'><strong>διδωσι,</strong></span> 
     </span>
     <span class='ocr_line' id='line_1_32' title="bbox 122 3244 836 3317; baseline -0.003 -9"><span class='ocrx_word' id='word_1_197' title='bbox 122 3246 174 3315; x_wconf 81' lang='grc' dir='ltr'><strong>τὰς</strong></span> <span class='ocrx_word' id='word_1_198' title='bbox 196 3244 429 3317; x_wconf 82' lang='grc' dir='ltr'><strong>Καπιτωλείοος</strong></span> <span class='ocrx_word' id='word_1_199' title='bbox 453 3248 484 3311; x_wconf 71' lang='grc' dir='ltr'><strong>τ’</strong></span> <span class='ocrx_word' id='word_1_200' title='bbox 501 3249 574 3312; x_wconf 83' lang='grc' dir='ltr'><strong>εἰσιν</strong></span> <span class='ocrx_word' id='word_1_201' title='bbox 598 3247 710 3310; x_wconf 82' lang='grc' dir='ltr'><strong>ἄνεισιν</strong></span> <span class='ocrx_word' id='word_1_202' title='bbox 735 3244 836 3312; x_wconf 88' lang='grc' dir='ltr'><strong>όδοός.</strong></span> 
     </span>
    </p>

    <p class='ocr_par' dir='ltr' id='par_1_19' title="bbox 86 3327 781 3503">
     <span class='ocr_line' id='line_1_33' title="bbox 86 3327 781 3409; baseline 0.004 -22"><span class='ocrx_word' id='word_1_203' title='bbox 86 3327 111 3389; x_wconf 85' lang='grc' dir='ltr'><strong>εἰ</strong></span> <span class='ocrx_word' id='word_1_204' title='bbox 131 3332 222 3400; x_wconf 82' lang='grc' dir='ltr'><strong>τοίως</strong></span> <span class='ocrx_word' id='word_1_205' title='bbox 243 3331 332 3395; x_wconf 56' lang='grc' dir='ltr'><strong>εἰοιδ)</strong></span> <span class='ocrx_word' id='word_1_206' title='bbox 355 3333 523 3409; x_wconf 89' lang='grc' dir='ltr'><strong>ἀνανεόειν,</strong></span> <span class='ocrx_word' id='word_1_207' title='bbox 545 3336 611 3400; x_wconf 81' lang='grc' dir='ltr'><strong>πῶς</strong></span> <span class='ocrx_word' id='word_1_208' title='bbox 633 3328 781 3403; x_wconf 75' lang='grc' dir='ltr'><strong>ἐπινεύεις</strong></span> 
     </span>
     <span class='ocr_line' id='line_1_34' title="bbox 124 3414 736 3503; baseline -0.007 -26"><span class='ocrx_word' id='word_1_209' title='bbox 124 3416 190 3479; x_wconf 77' lang='grc' dir='ltr'><strong>εἰπὲ</strong></span> <span class='ocrx_word' id='word_1_210' title='bbox 212 3416 272 3480; x_wconf 80' lang='grc' dir='ltr'><strong>θεὰ</strong></span> <span class='ocrx_word' id='word_1_211' title='bbox 293 3417 442 3503; x_wconf 81' lang='grc' dir='ltr'><strong>σόμβοολ’</strong></span> <span class='ocrx_word' id='word_1_212' title='bbox 466 3414 736 3501; x_wconf 78' lang='grc' dir='ltr'><strong>ἡμετέροιοΔιός.</strong></span> 
     </span>
    </p>

    <p class='ocr_par' dir='ltr' id='par_1_20' title="bbox 86 3494 991 3672">
     <span class='ocr_line' id='line_1_35' title="bbox 86 3494 991 3586; baseline 0.007 -28"><span class='ocrx_word' id='word_1_213' title='bbox 86 3494 162 3564; x_wconf 81' lang='grc' dir='ltr'><strong>εἶπα.</strong></span> <span class='ocrx_word' id='word_1_214' title='bbox 180 3501 232 3564; x_wconf 87' lang='grc' dir='ltr'><strong>καί</strong></span> <span class='ocrx_word' id='word_1_215' title='bbox 251 3502 271 3583; x_wconf 83' lang='grc' dir='ltr'>ἡ</span> <span class='ocrx_word' id='word_1_216' title='bbox 293 3503 345 3585; x_wconf 80' lang='grc' dir='ltr'><strong>τὴν</strong></span> <span class='ocrx_word' id='word_1_217' title='bbox 364 3500 495 3586; x_wconf 89' lang='grc' dir='ltr'><strong>Γοργόν’</strong></span> <span class='ocrx_word' id='word_1_218' title='bbox 516 3502 642 3586; x_wconf 82' lang='grc' dir='ltr'><strong>ἀφεῖσα,</strong></span> <span class='ocrx_word' id='word_1_219' title='bbox 664 3501 697 3563; x_wconf 85' lang='grc' dir='ltr'><strong>τὸ</strong></span> <span class='ocrx_word' id='word_1_220' title='bbox 721 3499 762 3582; x_wconf 86' lang='grc' dir='ltr'><strong>μὴ</strong></span> <span class='ocrx_word' id='word_1_221' title='bbox 777 3495 868 3560; x_wconf 81' lang='grc' dir='ltr'><strong>δοδὲν</strong></span> <span class='ocrx_word' id='word_1_222' title='bbox 885 3494 991 3575; x_wconf 69' lang='grc' dir='ltr'><strong>οὐδός,</strong></span> 
     </span>
     <span class='ocr_line' id='line_1_36' title="bbox 125 3582 806 3672; baseline -0.01 -23"><span class='ocrx_word' id='word_1_223' title='bbox 125 3587 227 3669; x_wconf 81' lang='grc' dir='ltr'><strong>φησίν,</strong></span> <span class='ocrx_word' id='word_1_224' title='bbox 251 3586 437 3665; x_wconf 77' lang='grc' dir='ltr'><strong>ἀπελπίζεις,</strong></span> <span class='ocrx_word' id='word_1_225' title='bbox 461 3586 558 3672; x_wconf 76' lang='grc' dir='ltr'><strong>μιαρὲ,</strong></span> <span class='ocrx_word' id='word_1_226' title='bbox 580 3582 806 3668; x_wconf 71' lang='grc' dir='ltr'><strong>δοθησόμεναις</strong></span> 
     </span>
    </p>

    <p class='ocr_par' dir='ltr' id='par_1_21' title="bbox 731 3681 795 3743">
     <span class='ocr_line' id='line_1_37' title="bbox 731 3681 795 3743; baseline 0.031 -2"><span class='ocrx_word' id='word_1_227' title='bbox 731 3681 795 3743; x_wconf 79' lang='lat'><strong>13*</strong></span> 
     </span>
    </p>
   </div>
   <div class='ocr_carea' id='block_1_10' title="bbox 0 0 1295 4216">
    <p class='ocr_par' dir='ltr' id='par_1_22' title="bbox 0 0 1295 4216">
     <span class='ocr_line' id='line_1_38' title="bbox 0 0 1295 4216; baseline 0 0"><span class='ocrx_word' id='word_1_228' title='bbox 0 0 1295 4216; x_wconf 95' lang='lat' dir='ltr'><strong> </strong></span> 
     </span>
    </p>
   </div>
  </div>
 </body>
</html>
