2586 4214
198 523 247 576 10⁰
263 527 359 585 Pinus
381 537 504 582 tenaces
526 521 634 579 lubrici
646 486 759 580 dantes
779 521 860 591 lreti,

264 610 404 671 Classem
424 606 579 683 expedibis
603 607 769 667 noviratem
791 626 810 664 a
831 606 1006 679 iactatibus,

262 697 304 756 Et
321 704 354 753 tn
374 695 495 753 virosae
514 692 629 769 praedo
651 692 758 750 iunicis
782 692 872 768 lupus

264 782 367 842 Orbae
390 781 515 837 duarum
527 778 593 835 iam
618 777 824 837 columbarum
843 775 920 851 pari,

264 866 371 926 Caesis
394 863 574 943 peregrinae
595 861 627 920 in
651 863 815 921 secundam
837 860 1011 937 indaginem

197 953 248 1006 105
265 952 353 1012 Ultro
376 948 537 1008 incidentis
558 949 682 1023 aucupis
709 967 827 1022 pennae
847 946 929 1018 dolo,

263 1036 385 1113 Dapem
407 1033 611 1093 ambidentum
634 1052 729 1108 nuper
749 1033 785 1090 in
800 1032 951 1113 crepidine
1053 1083 1054 1087 ,

263 1121 393 1180 Bacchis
413 1118 575 1178 cremantis
599 1125 687 1192 atque
708 1118 797 1176 divae
816 1118 986 1189 Albuneae,

265 1206 376 1266 Curres
398 1224 491 1281 super
512 1202 680 1263 Scandeam
704 1211 733 1260 et
755 1222 841 1261 arces
863 1201 975 1279 Asadi,

263 1288 401 1350 Venator
427 1308 497 1346 acer
514 1288 628 1364 praeda
650 1288 752 1363 opima
772 1289 937 1365 gannienSt

198 1378 248 1431 110
264 1375 461 1450 Explensque
483 1392 603 1432 amores
626 1374 657 1430 in
677 1372 831 1432 Draconis
852 1372 953 1431 insula

265 1464 371 1532 Actae,
392 1458 526 1517 biformis
549 1458 622 1515 editi
641 1466 721 1515 terra
742 1458 861 1535 imperi,

210 1584 213 1590 ι
265 1546 384 1603 Vanam
405 1542 537 1602 secundo
561 1563 624 1605 non
648 1543 765 1602 videbis
787 1544 940 1614 Murtiam,

265 1630 414 1691 Ulnarnm
434 1629 557 1687 inanem
579 1629 740 1701 sarcinam,
764 1647 840 1705 eque
858 1626 985 1686 somniis

264 1716 370 1773 Vacua
390 1724 490 1773 torum
514 1722 680 1772 nocturnus
702 1714 868 1791 explorans
891 1732 992 1770 manu.

199 1807 249 1859 115
266 1801 347 1861 Nam
368 1809 399 1859 te
419 1800 608 1876 Phlegraeae
629 1799 690 1857 iam
716 1800 840 1857 maritus
865 1798 1004 1875 coniugis

266 1886 378 1944 Tristis
400 1885 549 1955 Toronen,
571 1885 728 1943 abdicatur
748 1884 863 1943 risuum

265 1973 306 2030 Et
325 1971 538 2040 lacrumarum,
558 1988 688 2042 namque
708 1970 815 2041 nescit,
839 1976 869 2027 et
890 1976 972 2027 caret
1059 2024 1064 2029 ,

266 2057 415 2130 Utroque,
438 2055 488 2128 qui
513 2054 586 2111 olim
607 2054 772 2112 littoralem
796 2074 835 2112 cx
856 2054 986 2111 Thracia

266 2140 401 2199 Facundi
422 2138 585 2214 opimatam
607 2138 739 2199 Melonis
760 2140 899 2198 fluctibus
1000 2160 1006 2171 ·

199 2230 250 2284 100
268 2225 400 2282 Humum
422 2232 586 2300 penetrans
605 2244 667 2282 non
689 2226 774 2283 trabe
798 2225 935 2284 stlataria

267 2309 454 2386 Inhospitalc
477 2310 533 2368 sed
552 2310 619 2381 iter,
640 2317 673 2367 ut
693 2310 803 2368 cubilia

267 2396 382 2454 Terrae
406 2396 438 2452 in
460 2395 626 2471 profundos
648 2394 734 2472 talpa
755 2395 940 2470 pertundens
965 2412 1089 2472 specus,

268 2482 426 2557 Quaerens
451 2496 591 2539 recessus
614 2481 647 2537 in
669 2481 807 2538 cavernis
828 2498 1000 2554 aequorum,

268 2566 447 2641 Cavcnsque
470 2574 560 2625 natos
582 2566 755 2643 perduelles
780 2566 941 2641 hospitum,

200 2659 250 2713 105
267 2651 308 2709 Et
325 2651 491 2709 audiendas
515 2651 690 2728 supplicans
713 2651 793 2728 patri
811 2668 917 2727 preces

265 2736 375 2795 Redux
397 2744 429 2793 ut
451 2737 509 2793 iret
532 2737 671 2813 patriam,
694 2737 774 2794 unde
797 2730 965 2813 pervagus
1036 2756 1039 2771 ·

265 2822 393 2880 Matrem
415 2821 570 2899 gigantum
593 2820 730 2879 adiverat
750 2821 935 2879 Palleniam:

266 2906 342 2964 Tete
364 2905 416 2964 ille
438 2904 563 2965 Guneus
590 2915 731 2981 quaestor
751 2926 845 2964 urnae
867 2906 1007 2979 vindicis,

268 2990 392 3070 Saganis
416 2991 586 3066 arbiterqne
607 2989 690 3052 Solis
712 2991 793 3049 filiae

199 3083 250 3137 130
267 3076 327 3135 His
347 3077 460 3153 nuptiis
480 3076 613 3153 privabit
630 3075 759 3135 incilans
780 3077 913 3152 probris,

265 3161 390 3219 Pellens
411 3162 449 3219 ab
471 3161 554 3219 omni
571 3161 637 3219 iure
661 3162 807 3236 prosedae
830 3160 930 3238 lupae.

267 3246 326 3320 Qui
349 3265 405 3304 nec
427 3244 505 3322 Lyci
526 3246 665 3323 sepulcra
684 3266 740 3305 nec
764 3246 934 3305 Chimaerei

268 3331 468 3391 Oraeulorum
491 3350 565 3390 voce
588 3341 767 3390 venerantes
789 3332 912 3404 timens,

267 3416 334 3475 Nec
355 3416 516 3474 illecebras
538 3416 661 3489 Antaei,
683 3437 740 3475 nec
761 3417 916 3493 hospitum

200 3510 250 3565 135
267 3499 389 3578 Dapum
412 3501 559 3573 sodalem,
580 3501 675 3560 filium
699 3501 807 3575 Consi,
828 3502 934 3573 salem,

268 3584 368 3643 Deum
390 3585 487 3646 tulisti
508 3585 661 3645 transilire
681 3588 832 3666 sagmina,
