2586 4214
645 335 795 428 AB„

184 497 320 563 940011.
360 500 414 561 Nil
436 503 546 561 mirum
570 504 740 576 etiterum,
762 502 881 575 mulier,
902 504 1058 580 eiulorier‚

264 589 381 649 Orbata
399 588 454 645 tali
473 607 549 664 quae
571 590 663 648 modo
685 608 790 648 careas
809 589 882 647 viro.

264 672 337 730 Tec.
362 672 477 749 Opinio
501 673 540 731 ad
561 681 602 747 te,
626 693 736 734 sensus
761 674 801 755 ad
819 694 868 733 me
887 674 1031 750 pertinet.
1060 713 1065 725 .

264 756 319 817 Oh.
362 758 515 818 Fatemur.

264 842 336 901 Teo.
360 843 388 902 Ο
410 851 516 921 gnate:
539 843 621 918 quod
640 863 697 903 nos
721 844 875 903 servitutis
898 862 978 901 nunc
1002 852 1109 903 manet

194 922 392 1006 9⁴51ugum?
411 930 559 1004 quibusve
582 929 746 1005 premimur
768 928 1001 988 insessoribus?

567 1013 595 1081 2.
617 1013 812 1090 Antistr'opha
837 1013 866 1072 V

263 1097 317 1157 Oh.
357 1098 405 1156 Ah
427 1097 579 1175 geminum
603 1099 687 1157 sensi
755 1110 759 1114 ’

263 1183 309 1242 Tc
331 1183 412 1239 facta
433 1182 548 1259 profari

262 1267 406 1327 Nefanda
427 1268 586 1343 imperato-

265 1371 345 1409 ·rum
365 1351 435 1409 huic
454 1371 566 1428 magno
587 1353 678 1413 malo.

265 1435 328 1497 Sed
350 1436 480 1513 repellat
501 1436 597 1497 Deus.

195 1510 249 1564 95⁰
266 1521 338 1580 ch.
361 1519 434 1580 Non
457 1522 639 1581 accidissent
659 1524 734 1583 haec
756 1525 833 1585 Deis
856 1525 1042 1586 nolentibus.

266 1605 322 1665 Ch.
366 1605 428 1667 Sed
450 1606 528 1665 mole
550 1608 675 1666 nimium
696 1629 753 1668 nos
777 1612 862 1688 gravi
883 1605 1026 1688 premunt
1047 1613 1131 1670 mali.

267 1692 340 1750 Teo.
364 1691 458 1750 Tales
478 1693 581 1752 ruinas
601 1702 683 1752 creta
705 1714 847 1772 supremo
869 1696 943 1754 Iove

202 1806 203 1813 κ
263 1778 402 1837 Minerva
422 1777 546 1854 Ulyssis
571 1798 663 1837 saeva
682 1781 806 1839 molitur
827 1782 933 1840 ricem.

499 1916 501 1919 .
536 1864 565 1921 3.
589 1864 784 1942 Antistropha
809 1868 900 1927 VIII.

266 1945 322 2005 Ch.
363 1947 463 2021 Quam
485 1949 576 2007 tacite
599 1967 701 2007 secum
980 1980 984 1983 ⁷

262 2033 365 2089 Mente
388 2031 499 2090 dolosa
519 2033 566 2090 vir

263 2115 432 2188 Renidens,
453 2117 633 2192 obstrepens
671 2156 672 2163 κ

264 2198 441 2274 cachinnat,
463 2209 494 2258 et
514 2220 607 2279 super
626 2203 743 2261 domini

263 2285 372 2358 Rabie,
395 2293 425 2343 et
443 2285 547 2345 furore
570 2286 657 2345 ridet.

268 2369 349 2444 Heu,
371 2371 446 2429 heui

264 2456 343 2513 Tum
364 2464 463 2515 autem
486 2464 517 2514 et
531 2457 583 2527 ubi
601 2456 752 2514 audierint
771 2456 845 2515 haec

195 2539 248 2593 960
264 2541 367 2600 Duces
391 2542 451 2600 duo
474 2543 609 2601 Atridae.

264 2624 337 2684 Teo.
380 2627 473 2701 Atqui
494 2628 684 2700 cachinnent,
710 2627 827 2685 homini
849 2627 997 2686 insultent
1017 2629 1120 2688 malis.

262 2711 416 2770 Fortassis
438 2718 478 2783 et,
491 2713 530 2770 si
553 2713 624 2772 vivo
647 2713 791 2770 honorem
810 2731 873 2769 non
894 2712 1016 2784 dabant,

263 2796 394 2856 Flebunt
413 2804 603 2873 peremptum
622 2796 732 2855 Martio
755 2797 786 2855 in
810 2796 992 2857 discrimine.

263 2880 395 2957 Narque
413 2883 505 2940 homo
530 2882 653 2941 sinistra
674 2890 775 2940 mente.
796 2900 978 2958 possessum
999 2882 1117 2941 bonum

195 2967 248 3022 965
265 2966 430 3042 Nunquam
452 2967 538 3043 prius
556 2968 728 3044 percipere,
757 2986 847 3042 quam
866 2967 980 3039 amisit,
1003 2967 1095 3027 solet.

263 3053 345 3111 Mors
368 3053 433 3111 eius
458 3051 520 3110 illis
545 3052 669 3124 dulcior,
694 3053 813 3129 gravior
835 3052 920 3124 mihi,

264 3138 331 3214 lpsi
351 3137 469 3195 suavis:
496 3156 626 3212 namque
647 3138 739 3195 habet
761 3156 889 3213 quorum
912 3145 1028 3195 arserat

264 3224 390 3293 Amore,
412 3230 548 3295 mortem,
571 3221 655 3280 ouius
672 3229 819 3298 expetens
842 3222 908 3279 fuit.

265 3305 320 3366 ch.
362 3307 445 3382 Quid
465 3326 537 3366 vero
557 3307 589 3364 in
611 3306 696 3364 illum
714 3307 838 3366 riserint
858 3306 995 3365 tontum?
1018 3326 1121 3384 neque

195 3391 248 3445 970
266 3392 416 3451 Occubuit
433 3392 495 3450 illis
516 3392 585 3449 ille:
609 3412 684 3450 non:
706 3411 809 3451 verum
832 3390 919 3450 Deis.

263 3476 317 3536 Ad,
334 3477 409 3535 haec
432 3476 562 3552 Ulysses
582 3495 740 3553 perperam
761 3496 833 3554 ergo
855 3476 960 3534 rideat.

263 3560 379 3619 Iudicio
398 3574 503 3620 eorum
525 3561 614 3637 periit
632 3562 729 3621 Aiax:
754 3569 785 3620 at
803 3580 873 3620 meo
