2532 4216
677 360 719 419 68

242 528 449 604 Omniparens
470 527 599 601 caelum,
617 527 760 602 caeloque
783 527 939 604 adscripta
957 537 1117 604 potentum

239 612 379 672 Foedera
397 613 540 686 fatorum,
559 613 700 672 iuvenem
719 613 896 691 contingere
915 614 1007 687 vitae,

242 697 328 774 Quas
352 698 600 771 Telamoniades,
622 706 810 772 matrumque
826 699 955 757 'orbator
974 699 1116 760 Achilles

241 781 439 860 Contigerant
459 790 567 857 metas,
588 801 641 840 cur
657 781 821 855 invidistis,
844 789 878 840 ut
893 784 983 842 annis
1124 810 1126 823 ⁴

240 866 375 927 Heroum
396 867 486 940 vitas,
507 868 616 926 animis
639 876 784 943 aequaret
804 868 960 927 honores?

240 952 311 1013 Heu
333 953 506 1011 miserande
526 971 612 1029 puer,
634 962 667 1011 tu
684 970 765 1010 nunc
784 953 882 1029 primo
905 954 1019 1013 occidis
1040 972 1136 1016 aevo:

242 1038 378 1111 Occidis,
404 1046 435 1095 et
454 1037 586 1096 iuvenile
606 1038 698 1095 decus
719 1038 802 1095 Mers
821 1037 934 1114 impius
955 1039 1070 1114 hausit,

240 1121 351 1196 Qualia
371 1123 471 1200 prima
489 1143 566 1182 novo
589 1122 728 1181 canentia
747 1122 823 1180 flore
845 1123 973 1200 ligustra

239 1208 363 1268 Decutit
384 1208 499 1279 afflatu,
522 1208 573 1282 qui
597 1206 711 1265 decutit
732 1208 843 1279 omnia,
863 1216 982 1267 ventus.

239 1294 289 1352 Ab
311 1292 430 1368 qualem
453 1292 566 1349 luctum
586 1291 700 1368 linquis
723 1292 870 1366 matrique
888 1294 1036 1369 patrique,

239 1381 339 1452 Atque
362 1377 438 1436 10101
469 1376 558 1434 matri
577 1385 646 1434 0010
667 1377 757 1449 alios,
781 1395 858 1451 quae
879 1386 952 1436 vota
969 1394 1139 1456 precesque

241 1461 465 1538 conduplicans
488 1461 647 1520 sublimem
668 1462 700 1520 in
721 1480 798 1538 equo
817 1470 848 1518 01
860 1461 1046 1539 fulgentibus
1062 1467 1159 1525 armis

240 1548 368 1606 Miserat
389 1546 420 1605 in
441 1545 565 1619 bellum,
587 1565 644 1605 nec
665 1547 757 1605 talem
781 1554 898 1605 moesta
914 1549 1071 1626 accepim

241 1631 303 1693 Sed
323 1631 444 1710 gelidos
464 1638 560 1705 arbre,
582 1632 636 1691 sed
656 1651 732 1692 onus
753 1630 847 1690 fatale
866 1632 982 1690 feretri.

239 1715 332 1776 Parte
354 1717 416 1775 alia
434 1717 526 1775 nullis
551 1717 717 1776 novitatum
741 1716 887 1775 exterrita
904 1718 1049 1779 monstris

241 1801 380 1879 Simplex
402 1802 559 1875 nobilitas,
584 1810 614 1860 et
637 1803 741 1860 nescia
762 1802 859 1879 pestis
881 1802 1000 1874 Iberes,

240 1888 414 1965 Extinctum
434 1888 548 1963 lugent,
571 1887 732 1961 versisque
753 1886 925 1962 insignibus
950 1906 1056 1947 omnes
1078 1930 1081 1939 ‚

239 1972 409 2031 Funeream
430 1972 542 2028 ducunt
562 1989 716 2047 pompam,
741 1982 771 2028 01
791 1972 956 2047 fungrmtur
977 1972 1062 2030 inani

243 2057 363 2117 Officio.
383 2063 415 2113 tu
434 2075 493 2114 nou
513 2055 626 2132 gemitu
648 2054 831 2114 revocabilis
854 2055 917 2115 ullo

241 2140 388 2201 Conciliis
409 2139 557 2213 Heroum,
579 2149 609 2198 01
629 2139 766 2198 coetibus
785 2141 900 2199 interes
920 2141 992 2214 illis,

242 2226 329 2302 Quos
348 2226 480 2284 discreta
499 2233 621 2283 tuentur
644 2226 682 2283 ab
704 2226 788 2284 omni
807 2224 913 2283 limina
933 2225 1032 2303 vulgo,

239 2312 372 2384 Limina,
395 2329 472 2386 quae
494 2310 555 2368 nisi
576 2311 704 2369 victores
719 2311 862 2369 insistere
883 2312 931 2370 fae
954 2319 1010 2384 est,

240 2395 387 2473 Quosque
405 2395 580 2473 triumphali
602 2395 716 2454 velavit
731 2395 837 2454 laurea
855 2396 970 2468 fronde,

240 2485 303 2540 Aut
322 2482 431 2556 quibus
452 2480 586 2540 illustres
610 2482 761 2540 umbravit
783 2483 879 2539 civica
903 2481 1013 2540 vultus.
1111 2476 1113 2479 ’

240 2565 302 2624 Η10
321 2567 377 2624 tibi
397 2586 460 2624 non
479 2584 577 2641 aequo
599 2585 695 2643 passu
715 2566 829 2642 templa
846 2566 900 2623 illa
922 2568 1038 2642 petenti

241 2651 359 2712 Obvius
380 2669 541 2710 occurrens
563 2650 672 2727 aliquis
696 2652 843 2728 degente
865 2650 999 2711 Deorum

241 2735 288 2793 Te
309 2742 410 2795 coetus
431 2736 524 2794 trahit
543 2735 575 2794 10
595 2736 713 2795 medios
733 2754 953 2812 procerumque
973 2735 1154 2814 ducumque,

239 2821 425 2880 Francorum
441 2841 594 2896 procerum
615 2830 704 2897 atque
720 2821 839 2894 ducum,
852 2822 904 2895 qui
917 2820 1050 2880 fortibus
1066 2823 1156 2882 ausis

239 2905 333 2963 Parta
353 2914 547 2982 reportarunt
567 2908 655 2965 toties
676 2924 716 2962 ex
737 2906 823 2964 hoste
845 2907 1002 2983 trophaea.
1075 2950 1078 2953 ,

241 2991 306 3051 Olli
326 2991 462 3050 sidereos
484 2992 596 3063 vultus,
620 3000 650 3049 et
670 2990 780 3048 frontis
800 2991 949 3049 honestae

160 3126 163 3133 .
240 3077 387 3135 Mirantes
410 3076 529 3135 culmen
549 3093 740 3154 generosum,
762 3083 792 3132 01
811 3077 946 3134 membra
967 3075 1078 3135 decora

239 3161 368 3238 Expleri
388 3170 540 3238 nequeunt
561 3161 705 3230 animum,
726 3177 939 3237 memoresque
955 3160 1098 3220 iuventae

239 3247 339 3320 Fient,
358 3255 450 3322 atque
472 3247 634 3304 extinctum
655 3244 720 3303 1010
742 3247 925 3304 miserantur
945 3245 1066 3305 acerbo.

241 3329 317 3391 Cum
338 3351 412 3390 vero
433 3332 552 3408 palmas
575 3337 744 3402 numerant,
768 3340 797 3388 et
818 3330 911 3389 fortia
931 3331 1022 3401 facta,

241 3416 328 3475 Tunc
345 3417 444 3475 iustae
468 3415 592 3473 credunt
613 3433 754 3474 numeros
782 3415 926 3491 explesse
951 3422 1104 3474 senectae.

241 3502 328 3559 Tunc
347 3501 459 3558 laetum
475 3500 600 3558 Paeana
619 3508 739 3558 canunt
766 3511 837 3558 tunc
861 3500 984 3558 vocibus
1003 3500 1111 3559 aether

239 3586 361 3659 Fervet,
381 3592 411 3643 et
433 3585 551 3645 alterno
569 3585 671 3643 fremit
691 3586 798 3663 ingens
819 3584 906 3663 regia
921 3585 1042 3662 plausu.
