2586 4214
524 371 673 468 „3⁰⁰-

139 534 261 593 Rabere
282 543 383 594 mente
405 548 534 616 captum,

139 619 305 679 Lusciniae
326 620 409 680 ilicet

140 705 350 765 Lamentabile

141 788 273 849 Carmen
294 790 450 849 volitantis

140 873 214 934 Non
234 875 289 932 illa
310 876 447 935 occinet:

140 965 199 1019 Ast
217 959 380 1019 luctificum
401 961 564 1038 integrabit

140 1044 280 1104 Lessum.
302 1053 424 1122 pectora
444 1045 555 1122 palmis

141 1132 224 1189 Atria
244 1138 336 1190 tonsa
356 1131 522 1193 sonabuntz

141 1215 344 1291 Insanamque
366 1234 474 1275 manus

140 1297 264 1360 comam
280 1301 465 1359 lacerabunt.

408 1385 437 1443 2.
459 1387 652 1466 Auttstropba
673 1397 791 1457 XIIII,

139 1468 316 1530 Praestaret
336 1470 499 1529 extinctum

140 1554 241 1628 Hunc,
265 1574 354 1627 quarn
377 1555 541 1630 efferarier‚

140 1640 203 1700 Ubi
223 1647 351 1718 paterno
373 1659 426 1698 an·

140 1726 265 1787 ·tistans
288 1726 424 1785 celebres
441 1726 577 1786 Achivos

141 1809 273 1885 Genere,
294 1818 324 1868 et
344 1810 456 1887 inclyto
478 1819 557 1884 ortu,

141 1894 270 1974 Cognita
289 1915 352 1954 non
371 1902 455 1955 tenet

141 1979 183 2042 Se
203 1982 285 2040 intra
305 1989 392 2056 septa
416 1980 481 2038 ani·

140 2067 206 2139 ·mi‚
230 2075 278 2126 ast
300 2064 403 2125 exulat
425 2074 519 2128 extre.

139 2151 253 2210 Infelix
273 2159 369 2227 pater,

140 2235 211 2295 Heu
232 2236 334 2312 qualia
356 2243 386 2294 et
407 2235 513 2296 audies
534 2245 567 2295 tu

141 2322 310 2380 Infortunia
324 2321 402 2383 nati:

141 2405 227 2480 Quae
245 2407 373 2465 antehac
391 2407 589 2469 Aeacidarum

140 2496 236 2550 Aetas
256 2512 314 2551 non
339 2492 450 2549 tulerat

44 2626 52 2645 ,
142 2577 272 2652 Quidem
294 2577 368 2648 ulla,
388 2575 448 2634 nisi
467 2577 535 2635 ista.

465 2744 568 2806 «Actus
594 2743 728 2806 lortius.

141 2830 190 2889 Αἰ.
232 2831 344 2893 Omnis
364 2829 486 2889 reflexis
507 2828 675 2889 seculorum
699 2830 884 2890 anfractibus
1054 2830 1107 2884 tlt

143 2915 273 2976 Occulta
294 2924 414 2993 tempus
438 2915 546 2991 aperit,
570 2922 600 2974 et
622 2924 726 2994 aperta
748 2916 867 2977 occulit.

141 3000 229 3059 Nihil
251 3009 300 3060 est
320 3020 415 3079 supra
436 3019 531 3077 spem.
553 3007 687 3078 tempore
706 3001 796 3059 etiam
822 3010 985 3061 contumax

141 3084 349 3162 Deprenditur
370 3104 467 3158 mens,
488 3085 597 3160 iusque
614 3085 773 3144 iurandum
792 3086 886 3147 Iovis.

50 3216 53 3221 4
141 3171 209 3249 Ego
231 3171 383 3248 pervicaci
404 3178 516 3243 mente,
538 3171 731 3242 inexorabili,
1055 3165 1108 3219 ⁶5⁰

143 3255 252 3332 Qualis
273 3256 396 3333 rigescit
418 3256 495 3313 dura
513 3255 587 3313 ferri
608 3257 689 3316 acies
712 3274 801 3331 aqua,

142 3340 321 3402 Demulctus
342 3341 432 3402 huius
458 3358 511 3399 ore
530 3359 605 3400 eum.
626 3341 757 3400 inimicis
776 3360 843 3399 eam

142 3416 297 3502 Linquere
315 3428 472 3486 misertum
494 3434 541 3484 est
560 3425 691 3500 viduam,
714 3434 745 3486 et
764 3426 994 3505 orbumlfiliurn.

142 3508 206 3571 sed
228 3512 267 3569 ad
288 3512 410 3570 lavacra
433 3521 463 3572 et
484 3519 573 3586 prata
589 3511 723 3572 litoralia

142 3595 198 3670 Eo,
219 3604 253 3656 ut
274 3597 415 3674 expiatus
436 3597 552 3658 februis
574 3597 752 3658 lustralibus
1056 3589 1108 3646 ⁶55
