<?xml version="1.0" encoding="UTF-8"?>
<!DOCTYPE html PUBLIC "-//W3C//DTD XHTML 1.0 Transitional//EN"
    "http://www.w3.org/TR/xhtml1/DTD/xhtml1-transitional.dtd">
<html xmlns="http://www.w3.org/1999/xhtml" xml:lang="en" lang="en">
 <head>
  <title>
</title>
<meta http-equiv="Content-Type" content="text/html;charset=utf-8" />
  <meta name='ocr-system' content='tesseract 3.04.00' />
  <meta name='ocr-capabilities' content='ocr_page ocr_carea ocr_par ocr_line ocrx_word'/>
</head>
<body>
  <div class='ocr_page' id='page_1' title='image "./iosephiscaliger01scalgoog_0112.png"; bbox 0 0 2502 4218; ppageno 0'>
   <div class='ocr_carea' id='block_1_1' title="bbox 472 350 624 447">
    <p class='ocr_par' dir='ltr' id='par_1_1' title="bbox 472 350 624 447">
     <span class='ocr_line' id='line_1_1' title="bbox 472 350 624 447; baseline -0.007 -38"><span class='ocrx_word' id='word_1_1' title='bbox 472 350 624 447; x_wconf 53' lang='lat'><strong>„¹93-</strong></span> 
     </span>
    </p>
   </div>
   <div class='ocr_carea' id='block_1_2' title="bbox 46 515 1003 3146">
    <p class='ocr_par' dir='ltr' id='par_1_2' title="bbox 46 515 1003 3146">
     <span class='ocr_line' id='line_1_2' title="bbox 134 515 821 595; baseline 0.003 -18"><span class='ocrx_word' id='word_1_2' title='bbox 134 515 263 595; x_wconf 84' lang='lat' dir='ltr'><strong>Semper</strong></span> <span class='ocrx_word' id='word_1_3' title='bbox 283 517 449 577; x_wconf 83' lang='lat' dir='ltr'><strong>anhelabat</strong></span> <span class='ocrx_word' id='word_1_4' title='bbox 467 538 528 594; x_wconf 82' lang='lat' dir='ltr'><strong>qno</strong></span> <span class='ocrx_word' id='word_1_5' title='bbox 552 528 604 579; x_wconf 78' lang='lat' dir='ltr'><strong>tua</strong></span> <span class='ocrx_word' id='word_1_6' title='bbox 622 520 692 589; x_wconf 77' lang='lat' dir='ltr'><strong>vita,</strong></span> <span class='ocrx_word' id='word_1_7' title='bbox 708 520 821 580; x_wconf 74' lang='lat' dir='ltr'><strong>locum</strong></span> 
     </span>
     <span class='ocr_line' id='line_1_3' title="bbox 60 599 921 682; baseline 0.007 -20"><span class='ocrx_word' id='word_1_8' title='bbox 60 666 67 670; x_wconf 69' lang='grc'><em>,</em></span> <span class='ocrx_word' id='word_1_9' title='bbox 91 599 182 674; x_wconf 77' lang='lat' dir='ltr'><strong>Quod</strong></span> <span class='ocrx_word' id='word_1_10' title='bbox 201 612 305 661; x_wconf 68' lang='lat' dir='ltr'><strong>nmen</strong></span> <span class='ocrx_word' id='word_1_11' title='bbox 321 603 402 661; x_wconf 86' lang='lat' dir='ltr'><strong>haud</strong></span> <span class='ocrx_word' id='word_1_12' title='bbox 422 604 538 680; x_wconf 82' lang='lat' dir='ltr'><strong>pridem</strong></span> <span class='ocrx_word' id='word_1_13' title='bbox 562 605 642 665; x_wconf 85' lang='lat' dir='ltr'><strong>caris</strong></span> <span class='ocrx_word' id='word_1_14' title='bbox 661 615 784 682; x_wconf 87' lang='lat' dir='ltr'><strong>ereptus</strong></span> <span class='ocrx_word' id='word_1_15' title='bbox 804 609 921 681; x_wconf 84' lang='lat' dir='ltr'><strong>amieis,</strong></span> 
     </span>
     <span class='ocr_line' id='line_1_4' title="bbox 132 688 864 766; baseline 0.007 -20"><span class='ocrx_word' id='word_1_16' title='bbox 132 693 233 764; x_wconf 80' lang='lat' dir='ltr'><strong>Atque</strong></span> <span class='ocrx_word' id='word_1_17' title='bbox 251 688 316 746; x_wconf 88' lang='lat' dir='ltr'><strong>illis</strong></span> <span class='ocrx_word' id='word_1_18' title='bbox 339 707 492 764; x_wconf 86' lang='lat' dir='ltr'><strong>nunquam</strong></span> <span class='ocrx_word' id='word_1_19' title='bbox 513 689 744 766; x_wconf 81' lang='lat' dir='ltr'><strong>conspiciendus</strong></span> <span class='ocrx_word' id='word_1_20' title='bbox 766 693 864 765; x_wconf 74' lang='lat' dir='ltr'><strong>abes,=</strong></span> 
     </span>
     <span class='ocr_line' id='line_1_5' title="bbox 91 770 922 852; baseline 0.008 -21"><span class='ocrx_word' id='word_1_21' title='bbox 91 770 243 832; x_wconf 86' lang='lat' dir='ltr'><strong>Solvimur</strong></span> <span class='ocrx_word' id='word_1_22' title='bbox 263 773 296 831; x_wconf 89' lang='lat' dir='ltr'><strong>in</strong></span> <span class='ocrx_word' id='word_1_23' title='bbox 318 772 470 835; x_wconf 81' lang='lat' dir='ltr'><strong>lacrimas.</strong></span> <span class='ocrx_word' id='word_1_24' title='bbox 494 774 611 834; x_wconf 80' lang='lat' dir='ltr'><strong>Omnes</strong></span> <span class='ocrx_word' id='word_1_25' title='bbox 634 775 922 852; x_wconf 66' lang='lat' dir='ltr'><strong>assignassent,</strong></span> 
     </span>
     <span class='ocr_line' id='line_1_6' title="bbox 132 857 734 933; baseline 0.002 -17"><span class='ocrx_word' id='word_1_26' title='bbox 132 858 173 916; x_wconf 83' lang='lat' dir='ltr'><strong>Et</strong></span> <span class='ocrx_word' id='word_1_27' title='bbox 193 857 359 917; x_wconf 90' lang='lat' dir='ltr'><strong>commilitii</strong></span> <span class='ocrx_word' id='word_1_28' title='bbox 377 867 502 919; x_wconf 88' lang='lat' dir='ltr'><strong>strenua</strong></span> <span class='ocrx_word' id='word_1_29' title='bbox 523 860 659 918; x_wconf 89' lang='lat' dir='ltr'><strong>membra</strong></span> <span class='ocrx_word' id='word_1_30' title='bbox 678 860 734 933; x_wconf 83' lang='lat' dir='ltr'><strong>tui,</strong></span> 
     </span>
     <span class='ocr_line' id='line_1_7' title="bbox 90 944 881 1022; baseline 0.006 -21"><span class='ocrx_word' id='word_1_31' title='bbox 90 946 153 1001; x_wconf 80' lang='lat' dir='ltr'><strong>Aut</strong></span> <span class='ocrx_word' id='word_1_32' title='bbox 171 962 337 1003; x_wconf 79' lang='lat' dir='ltr'>memorem</span> <span class='ocrx_word' id='word_1_33' title='bbox 360 944 444 1002; x_wconf 86' lang='lat' dir='ltr'><strong>clara</strong></span> <span class='ocrx_word' id='word_1_34' title='bbox 463 951 613 1005; x_wconf 76' lang='lat' dir='ltr'><strong>testantur</strong></span> <span class='ocrx_word' id='word_1_35' title='bbox 636 963 713 1004; x_wconf 84' lang='lat' dir='ltr'><strong>voce</strong></span> <span class='ocrx_word' id='word_1_36' title='bbox 735 944 881 1022; x_wconf 86' lang='lat' dir='ltr'><strong>dolorem,</strong></span> 
     </span>
     <span class='ocr_line' id='line_1_8' title="bbox 131 1029 853 1107; baseline 0.004 -20"><span class='ocrx_word' id='word_1_37' title='bbox 131 1031 194 1087; x_wconf 86' lang='lat' dir='ltr'><strong>Aut</strong></span> <span class='ocrx_word' id='word_1_38' title='bbox 217 1035 376 1089; x_wconf 80' lang='lat' dir='ltr'><strong>eontracta</strong></span> <span class='ocrx_word' id='word_1_39' title='bbox 396 1029 475 1088; x_wconf 87' lang='lat' dir='ltr'><strong>notis</strong></span> <span class='ocrx_word' id='word_1_40' title='bbox 496 1029 634 1091; x_wconf 79' lang='lat' dir='ltr'><strong>tristibus</strong></span> <span class='ocrx_word' id='word_1_41' title='bbox 655 1048 710 1088; x_wconf 83' lang='lat' dir='ltr'><strong>ora</strong></span> <span class='ocrx_word' id='word_1_42' title='bbox 734 1040 853 1107; x_wconf 78' lang='lat' dir='ltr'><strong>gerunt.</strong></span> 
     </span>
     <span class='ocr_line' id='line_1_9' title="bbox 46 1110 764 1195; baseline 0.001 -23"><span class='ocrx_word' id='word_1_43' title='bbox 46 1186 50 1195; x_wconf 32' lang='grc'><strong>,</strong></span> <span class='ocrx_word' id='word_1_44' title='bbox 91 1110 204 1172; x_wconf 89' lang='lat' dir='ltr'><strong>Sebam</strong></span> <span class='ocrx_word' id='word_1_45' title='bbox 226 1121 345 1173; x_wconf 85' lang='lat' dir='ltr'><strong>matura</strong></span> <span class='ocrx_word' id='word_1_46' title='bbox 365 1114 521 1173; x_wconf 83' lang='lat' dir='ltr'><strong>solverunt</strong></span> <span class='ocrx_word' id='word_1_47' title='bbox 541 1115 606 1172; x_wconf 81' lang='lat' dir='ltr'><strong>fata</strong></span> <span class='ocrx_word' id='word_1_48' title='bbox 627 1124 764 1174; x_wconf 83' lang='lat' dir='ltr'><strong>senecta:</strong></span> 
     </span>
     <span class='ocr_line' id='line_1_10' title="bbox 131 1197 820 1276; baseline 0.004 -20"><span class='ocrx_word' id='word_1_49' title='bbox 131 1198 269 1276; x_wconf 80' lang='lat' dir='ltr'><strong>Longius</strong></span> <span class='ocrx_word' id='word_1_50' title='bbox 290 1204 339 1258; x_wconf 82' lang='lat' dir='ltr'><strong>ast</strong></span> <span class='ocrx_word' id='word_1_51' title='bbox 360 1199 447 1259; x_wconf 86' lang='lat' dir='ltr'><strong>nobis</strong></span> <span class='ocrx_word' id='word_1_52' title='bbox 472 1197 554 1259; x_wconf 86' lang='lat' dir='ltr'><strong>Seba</strong></span> <span class='ocrx_word' id='word_1_53' title='bbox 575 1199 721 1259; x_wconf 82' lang='lat' dir='ltr'><strong>fruendus</strong></span> <span class='ocrx_word' id='word_1_54' title='bbox 746 1208 820 1259; x_wconf 85' lang='lat' dir='ltr'><strong>erat.</strong></span> 
     </span>
     <span class='ocr_line' id='line_1_11' title="bbox 90 1280 808 1361; baseline 0.007 -22"><span class='ocrx_word' id='word_1_55' title='bbox 90 1280 251 1361; x_wconf 79' lang='lat' dir='ltr'><strong>Excipitur</strong></span> <span class='ocrx_word' id='word_1_56' title='bbox 273 1281 375 1345; x_wconf 83' lang='lat' dir='ltr'><strong>Sabae</strong></span> <span class='ocrx_word' id='word_1_57' title='bbox 394 1285 534 1361; x_wconf 82' lang='lat' dir='ltr'><strong>cognatis</strong></span> <span class='ocrx_word' id='word_1_58' title='bbox 557 1285 681 1360; x_wconf 85' lang='lat' dir='ltr'><strong>spiritus</strong></span> <span class='ocrx_word' id='word_1_59' title='bbox 703 1285 808 1344; x_wconf 81' lang='lat' dir='ltr'><strong>astris:</strong></span> 
     </span>
     <span class='ocr_line' id='line_1_12' title="bbox 131 1367 801 1451; baseline 0 -24"><span class='ocrx_word' id='word_1_60' title='bbox 131 1372 192 1428; x_wconf 89' lang='lat' dir='ltr'><strong>Ast</strong></span> <span class='ocrx_word' id='word_1_61' title='bbox 214 1367 314 1429; x_wconf 83' lang='lat' dir='ltr'><strong>Sebae</strong></span> <span class='ocrx_word' id='word_1_62' title='bbox 337 1369 480 1428; x_wconf 84' lang='lat' dir='ltr'><strong>interris</strong></span> <span class='ocrx_word' id='word_1_63' title='bbox 502 1370 575 1429; x_wconf 89' lang='lat' dir='ltr'><strong>utile</strong></span> <span class='ocrx_word' id='word_1_64' title='bbox 594 1378 700 1446; x_wconf 88' lang='lat' dir='ltr'><strong>pectus</strong></span> <span class='ocrx_word' id='word_1_65' title='bbox 723 1383 801 1451; x_wconf 65' lang='lat' dir='ltr'><strong>erat</strong></span> 
     </span>
     <span class='ocr_line' id='line_1_13' title="bbox 90 1450 919 1535; baseline 0.006 -24"><span class='ocrx_word' id='word_1_66' title='bbox 90 1450 159 1511; x_wconf 88' lang='lat' dir='ltr'><strong>Non</strong></span> <span class='ocrx_word' id='word_1_67' title='bbox 182 1454 270 1512; x_wconf 90' lang='lat' dir='ltr'><strong>caelo</strong></span> <span class='ocrx_word' id='word_1_68' title='bbox 292 1454 459 1513; x_wconf 81' lang='lat' dir='ltr'><strong>admissum</strong></span> <span class='ocrx_word' id='word_1_69' title='bbox 482 1454 568 1528; x_wconf 83' lang='lat' dir='ltr'><strong>(qaid</strong></span> <span class='ocrx_word' id='word_1_70' title='bbox 588 1456 669 1515; x_wconf 87' lang='lat' dir='ltr'><strong>enim</strong></span> <span class='ocrx_word' id='word_1_71' title='bbox 691 1455 810 1514; x_wconf 81' lang='lat' dir='ltr'><strong>felicius</strong></span> <span class='ocrx_word' id='word_1_72' title='bbox 833 1455 919 1535; x_wconf 83' lang='lat' dir='ltr'><strong>illel)</strong></span> 
     </span>
     <span class='ocr_line' id='line_1_14' title="bbox 133 1537 865 1615; baseline 0.001 -17"><span class='ocrx_word' id='word_1_73' title='bbox 133 1537 194 1598; x_wconf 85' lang='lat' dir='ltr'><strong>Sed</strong></span> <span class='ocrx_word' id='word_1_74' title='bbox 217 1546 317 1598; x_wconf 87' lang='lat' dir='ltr'><strong>terrae</strong></span> <span class='ocrx_word' id='word_1_75' title='bbox 337 1546 472 1615; x_wconf 87' lang='lat' dir='ltr'><strong>ereptum</strong></span> <span class='ocrx_word' id='word_1_76' title='bbox 492 1540 607 1598; x_wconf 85' lang='lat' dir='ltr'><strong>femina</strong></span> <span class='ocrx_word' id='word_1_77' title='bbox 631 1540 736 1614; x_wconf 86' lang='lat' dir='ltr'><strong>virque</strong></span> <span class='ocrx_word' id='word_1_78' title='bbox 755 1540 865 1600; x_wconf 73' lang='lat' dir='ltr'><strong>dolam.</strong></span> 
     </span>
     <span class='ocr_line' id='line_1_15' title="bbox 90 1623 839 1701; baseline 0.001 -19"><span class='ocrx_word' id='word_1_79' title='bbox 90 1623 145 1682; x_wconf 83' lang='lat' dir='ltr'><strong>Est</strong></span> <span class='ocrx_word' id='word_1_80' title='bbox 166 1623 282 1698; x_wconf 90' lang='lat' dir='ltr'><strong>aliquid</strong></span> <span class='ocrx_word' id='word_1_81' title='bbox 300 1624 413 1701; x_wconf 77' lang='lat' dir='ltr'><strong>longae</strong></span> <span class='ocrx_word' id='word_1_82' title='bbox 433 1626 526 1683; x_wconf 82' lang='lat' dir='ltr'><strong>finem</strong></span> <span class='ocrx_word' id='word_1_83' title='bbox 547 1625 725 1701; x_wconf 82' lang='lat' dir='ltr'><strong>promittere</strong></span> <span class='ocrx_word' id='word_1_84' title='bbox 748 1625 839 1698; x_wconf 76' lang='lat' dir='ltr'><strong>vitae,</strong></span> 
     </span>
     <span class='ocr_line' id='line_1_16' title="bbox 130 1708 779 1785; baseline -0.003 -19"><span class='ocrx_word' id='word_1_85' title='bbox 130 1709 171 1766; x_wconf 82' lang='lat' dir='ltr'><strong>Et</strong></span> <span class='ocrx_word' id='word_1_86' title='bbox 190 1708 264 1765; x_wconf 83' lang='lat' dir='ltr'><strong>dare</strong></span> <span class='ocrx_word' id='word_1_87' title='bbox 284 1709 440 1768; x_wconf 82' lang='lat' dir='ltr'><strong>discessus</strong></span> <span class='ocrx_word' id='word_1_88' title='bbox 463 1709 593 1785; x_wconf 83' lang='lat' dir='ltr'><strong>pignora</strong></span> <span class='ocrx_word' id='word_1_89' title='bbox 614 1718 696 1767; x_wconf 81' lang='lat' dir='ltr'><strong>certa</strong></span> <span class='ocrx_word' id='word_1_90' title='bbox 720 1709 779 1780; x_wconf 85' lang='lat' dir='ltr'><strong>sui,</strong></span> 
     </span>
     <span class='ocr_line' id='line_1_17' title="bbox 92 1792 933 1870; baseline 0 -18"><span class='ocrx_word' id='word_1_91' title='bbox 92 1792 191 1869; x_wconf 81' lang='lat' dir='ltr'><strong>Quum</strong></span> <span class='ocrx_word' id='word_1_92' title='bbox 213 1794 327 1855; x_wconf 88' lang='lat' dir='ltr'><strong>sensim</strong></span> <span class='ocrx_word' id='word_1_93' title='bbox 350 1795 485 1853; x_wconf 88' lang='lat' dir='ltr'><strong>moriens</strong></span> <span class='ocrx_word' id='word_1_94' title='bbox 505 1795 611 1852; x_wconf 89' lang='lat' dir='ltr'><strong>senior</strong></span> <span class='ocrx_word' id='word_1_95' title='bbox 631 1794 808 1870; x_wconf 82' lang='lat' dir='ltr'><strong>longaevus,</strong></span> <span class='ocrx_word' id='word_1_96' title='bbox 828 1794 933 1852; x_wconf 88' lang='lat' dir='ltr'><strong>amicis</strong></span> 
     </span>
     <span class='ocr_line' id='line_1_18' title="bbox 130 1878 826 1955; baseline -0.006 -18"><span class='ocrx_word' id='word_1_97' title='bbox 130 1879 332 1937; x_wconf 86' lang='lat' dir='ltr'><strong>Moerendum</strong></span> <span class='ocrx_word' id='word_1_98' title='bbox 351 1879 463 1955; x_wconf 82' lang='lat' dir='ltr'><strong>linquit</strong></span> <span class='ocrx_word' id='word_1_99' title='bbox 484 1885 554 1955; x_wconf 87' lang='lat' dir='ltr'><strong>post</strong></span> <span class='ocrx_word' id='word_1_100' title='bbox 577 1896 634 1937; x_wconf 85' lang='lat' dir='ltr'><strong>sua</strong></span> <span class='ocrx_word' id='word_1_101' title='bbox 654 1879 719 1937; x_wconf 83' lang='lat' dir='ltr'><strong>fata</strong></span> <span class='ocrx_word' id='word_1_102' title='bbox 738 1878 826 1950; x_wconf 84' lang='lat' dir='ltr'><strong>nihil,</strong></span> 
     </span>
     <span class='ocr_line' id='line_1_19' title="bbox 89 1963 929 2041; baseline -0.001 -18"><span class='ocrx_word' id='word_1_103' title='bbox 89 1964 128 2023; x_wconf 80' lang='lat' dir='ltr'><strong>Et</strong></span> <span class='ocrx_word' id='word_1_104' title='bbox 151 1964 311 2022; x_wconf 89' lang='lat' dir='ltr'><strong>moriendo</strong></span> <span class='ocrx_word' id='word_1_105' title='bbox 333 1964 441 2041; x_wconf 79' lang='lat' dir='ltr'><strong>magis,</strong></span> <span class='ocrx_word' id='word_1_106' title='bbox 464 1982 555 2040; x_wconf 87' lang='lat' dir='ltr'><strong>quam</strong></span> <span class='ocrx_word' id='word_1_107' title='bbox 576 1963 828 2022; x_wconf 55' lang='lat' dir='ltr'><strong>moritussrificit</strong></span> <span class='ocrx_word' id='word_1_108' title='bbox 845 1963 929 2022; x_wconf 89' lang='lat' dir='ltr'><strong>illos.</strong></span> 
     </span>
     <span class='ocr_line' id='line_1_20' title="bbox 129 2048 976 2126; baseline 0.001 -18"><span class='ocrx_word' id='word_1_109' title='bbox 129 2048 213 2109; x_wconf 84' lang='lat' dir='ltr'><strong>Nam</strong></span> <span class='ocrx_word' id='word_1_110' title='bbox 235 2049 360 2126; x_wconf 77' lang='lat' dir='ltr'><strong>longum</strong></span> <span class='ocrx_word' id='word_1_111' title='bbox 383 2050 500 2108; x_wconf 89' lang='lat' dir='ltr'><strong>senium</strong></span> <span class='ocrx_word' id='word_1_112' title='bbox 523 2048 640 2108; x_wconf 80' lang='lat' dir='ltr'><strong>funeris</strong></span> <span class='ocrx_word' id='word_1_113' title='bbox 661 2049 760 2108; x_wconf 87' lang='lat' dir='ltr'><strong>instar</strong></span> <span class='ocrx_word' id='word_1_114' title='bbox 778 2050 878 2109; x_wconf 82' lang='lat' dir='ltr'><strong>habet.</strong></span> <span class='ocrx_word' id='word_1_115' title='bbox 974 2110 976 2117; x_wconf 81' lang='grc'>,</span> 
     </span>
     <span class='ocr_line' id='line_1_21' title="bbox 92 2133 1003 2210; baseline -0.001 -18"><span class='ocrx_word' id='word_1_116' title='bbox 92 2133 166 2210; x_wconf 80' lang='lat' dir='ltr'><strong>Quis</strong></span> <span class='ocrx_word' id='word_1_117' title='bbox 186 2142 289 2193; x_wconf 90' lang='lat' dir='ltr'><strong>tamen</strong></span> <span class='ocrx_word' id='word_1_118' title='bbox 306 2134 338 2192; x_wconf 86' lang='lat' dir='ltr'><strong>in</strong></span> <span class='ocrx_word' id='word_1_119' title='bbox 352 2143 481 2210; x_wconf 85' lang='lat' dir='ltr'><strong>patrem,</strong></span> <span class='ocrx_word' id='word_1_120' title='bbox 495 2151 584 2209; x_wconf 88' lang='lat' dir='ltr'><strong>quem</strong></span> <span class='ocrx_word' id='word_1_121' title='bbox 599 2152 718 2194; x_wconf 87' lang='lat' dir='ltr'><strong>summa</strong></span> <span class='ocrx_word' id='word_1_122' title='bbox 731 2144 854 2193; x_wconf 87' lang='lat' dir='ltr'><strong>senecta</strong></span> <span class='ocrx_word' id='word_1_123' title='bbox 865 2133 1003 2207; x_wconf 83' lang='lat' dir='ltr'><strong>resolvit,</strong></span> 
     </span>
     <span class='ocr_line' id='line_1_22' title="bbox 128 2219 939 2297; baseline 0.001 -21"><span class='ocrx_word' id='word_1_124' title='bbox 128 2219 268 2295; x_wconf 87' lang='lat' dir='ltr'><strong>Impendi</strong></span> <span class='ocrx_word' id='word_1_125' title='bbox 288 2219 432 2279; x_wconf 82' lang='lat' dir='ltr'><strong>lacrimas</strong></span> <span class='ocrx_word' id='word_1_126' title='bbox 452 2220 531 2291; x_wconf 77' lang='lat' dir='ltr'><strong>iure,</strong></span> <span class='ocrx_word' id='word_1_127' title='bbox 550 2238 662 2296; x_wconf 77' lang='lat' dir='ltr'><strong>negare</strong></span> <span class='ocrx_word' id='word_1_128' title='bbox 680 2219 803 2297; x_wconf 77' lang='lat' dir='ltr'><strong>potest?</strong></span> <span class='ocrx_word' id='word_1_129' title='bbox 828 2258 831 2262; x_wconf 58' lang='lat'><em>‹</em></span> <span class='ocrx_word' id='word_1_130' title='bbox 935 2224 939 2231; x_wconf 64' lang='lat'><em>⁴</em></span> 
     </span>
     <span class='ocr_line' id='line_1_23' title="bbox 90 2302 885 2378; baseline -0.001 -16"><span class='ocrx_word' id='word_1_131' title='bbox 90 2302 209 2363; x_wconf 84' lang='lat' dir='ltr'><strong>Vixerit</strong></span> <span class='ocrx_word' id='word_1_132' title='bbox 230 2305 416 2377; x_wconf 70' lang='lat' dir='ltr'><strong>innumeros,</strong></span> <span class='ocrx_word' id='word_1_133' title='bbox 438 2305 576 2378; x_wconf 82' lang='lat' dir='ltr'><strong>aequarit</strong></span> <span class='ocrx_word' id='word_1_134' title='bbox 596 2303 753 2376; x_wconf 76' lang='lat' dir='ltr'><strong>Nestoris,</strong></span> <span class='ocrx_word' id='word_1_135' title='bbox 775 2310 885 2376; x_wconf 78' lang='lat' dir='ltr'><strong>andos,</strong></span> 
     </span>
     <span class='ocr_line' id='line_1_24' title="bbox 130 2388 756 2467; baseline 0.002 -21"><span class='ocrx_word' id='word_1_136' title='bbox 130 2389 273 2467; x_wconf 88' lang='lat' dir='ltr'><strong>Implerit</strong></span> <span class='ocrx_word' id='word_1_137' title='bbox 295 2390 376 2448; x_wconf 88' lang='lat' dir='ltr'><strong>vitae</strong></span> <span class='ocrx_word' id='word_1_138' title='bbox 394 2398 535 2466; x_wconf 86' lang='lat' dir='ltr'><strong>tempora</strong></span> <span class='ocrx_word' id='word_1_139' title='bbox 555 2388 649 2465; x_wconf 84' lang='lat' dir='ltr'><strong>longa</strong></span> <span class='ocrx_word' id='word_1_140' title='bbox 668 2407 756 2447; x_wconf 82' lang='lat' dir='ltr'><strong>sune:</strong></span> 
     </span>
     <span class='ocr_line' id='line_1_25' title="bbox 91 2471 911 2548; baseline -0.002 -17"><span class='ocrx_word' id='word_1_141' title='bbox 91 2471 273 2533; x_wconf 87' lang='lat' dir='ltr'><strong>Immaturus</strong></span> <span class='ocrx_word' id='word_1_142' title='bbox 296 2475 369 2533; x_wconf 89' lang='lat' dir='ltr'><strong>obit.</strong></span> <span class='ocrx_word' id='word_1_143' title='bbox 394 2473 523 2533; x_wconf 83' lang='lat' dir='ltr'><strong>Pietatis</strong></span> <span class='ocrx_word' id='word_1_144' title='bbox 545 2473 621 2545; x_wconf 82' lang='lat' dir='ltr'><strong>iura,</strong></span> <span class='ocrx_word' id='word_1_145' title='bbox 644 2482 802 2548; x_wconf 84' lang='lat' dir='ltr'><strong>pareutum</strong></span> <span class='ocrx_word' id='word_1_146' title='bbox 909 2500 911 2511; x_wconf 49' lang='grc' dir='ltr'><em>ν</em></span> 
     </span>
     <span class='ocr_line' id='line_1_26' title="bbox 129 2557 868 2634; baseline -0.005 -16"><span class='ocrx_word' id='word_1_147' title='bbox 129 2558 205 2619; x_wconf 87' lang='lat' dir='ltr'><strong>Non</strong></span> <span class='ocrx_word' id='word_1_148' title='bbox 227 2559 319 2632; x_wconf 81' lang='lat' dir='ltr'><strong>vitae,</strong></span> <span class='ocrx_word' id='word_1_149' title='bbox 343 2559 477 2619; x_wconf 81' lang='lat' dir='ltr'><strong>lacrimis</strong></span> <span class='ocrx_word' id='word_1_150' title='bbox 501 2577 564 2617; x_wconf 85' lang='lat' dir='ltr'><strong>non</strong></span> <span class='ocrx_word' id='word_1_151' title='bbox 584 2575 717 2634; x_wconf 89' lang='lat' dir='ltr'><strong>posuere</strong></span> <span class='ocrx_word' id='word_1_152' title='bbox 738 2557 868 2616; x_wconf 78' lang='lat' dir='ltr'><strong>modum.</strong></span> 
     </span>
     <span class='ocr_line' id='line_1_27' title="bbox 89 2640 863 2721; baseline -0.004 -18"><span class='ocrx_word' id='word_1_153' title='bbox 89 2640 201 2703; x_wconf 81' lang='lat' dir='ltr'><strong>Nullus</strong></span> <span class='ocrx_word' id='word_1_154' title='bbox 223 2652 257 2701; x_wconf 91' lang='lat' dir='ltr'><strong>ut</strong></span> <span class='ocrx_word' id='word_1_155' title='bbox 276 2644 403 2721; x_wconf 83' lang='lat' dir='ltr'><strong>optandi</strong></span> <span class='ocrx_word' id='word_1_156' title='bbox 423 2644 595 2720; x_wconf 75' lang='lat' dir='ltr'><strong>longaevae</strong></span> <span class='ocrx_word' id='word_1_157' title='bbox 615 2650 751 2718; x_wconf 85' lang='lat' dir='ltr'><strong>tempora</strong></span> <span class='ocrx_word' id='word_1_158' title='bbox 771 2643 863 2714; x_wconf 83' lang='lat' dir='ltr'><strong>vitae,</strong></span> 
     </span>
     <span class='ocr_line' id='line_1_28' title="bbox 131 2727 824 2796; baseline -0.006 -6"><span class='ocrx_word' id='word_1_159' title='bbox 131 2727 183 2790; x_wconf 85' lang='lat' dir='ltr'><strong>Sic</strong></span> <span class='ocrx_word' id='word_1_160' title='bbox 204 2729 307 2789; x_wconf 90' lang='lat' dir='ltr'><strong>nullus</strong></span> <span class='ocrx_word' id='word_1_161' title='bbox 324 2729 417 2788; x_wconf 89' lang='lat' dir='ltr'><strong>flendi</strong></span> <span class='ocrx_word' id='word_1_162' title='bbox 438 2730 547 2787; x_wconf 83' lang='lat' dir='ltr'><strong>funera</strong></span> <span class='ocrx_word' id='word_1_163' title='bbox 566 2728 637 2787; x_wconf 88' lang='lat' dir='ltr'><strong>finis</strong></span> <span class='ocrx_word' id='word_1_164' title='bbox 660 2727 757 2787; x_wconf 62' lang='lat' dir='ltr'><strong>west</strong></span> <span class='ocrx_word' id='word_1_165' title='bbox 821 2791 824 2796; x_wconf 90' lang='lat'><em>.</em></span> 
     </span>
     <span class='ocr_line' id='line_1_29' title="bbox 91 2812 937 2891; baseline -0.006 -19"><span class='ocrx_word' id='word_1_166' title='bbox 91 2812 189 2889; x_wconf 80' lang='lat' dir='ltr'><strong>Quum</strong></span> <span class='ocrx_word' id='word_1_167' title='bbox 208 2823 281 2887; x_wconf 85' lang='lat' dir='ltr'><strong>tua‚.</strong></span> <span class='ocrx_word' id='word_1_168' title='bbox 294 2832 410 2873; x_wconf 87' lang='lat' dir='ltr'><strong>summe</strong></span> <span class='ocrx_word' id='word_1_169' title='bbox 432 2815 540 2886; x_wconf 69' lang='lat' dir='ltr'><strong>virum,</strong></span> <span class='ocrx_word' id='word_1_170' title='bbox 564 2814 662 2888; x_wconf 84' lang='lat' dir='ltr'><strong>pietas</strong></span> <span class='ocrx_word' id='word_1_171' title='bbox 687 2813 831 2891; x_wconf 73' lang='lat' dir='ltr'><strong>exegerit,</strong></span> <span class='ocrx_word' id='word_1_172' title='bbox 852 2821 886 2869; x_wconf 90' lang='lat' dir='ltr'><strong>ut</strong></span> <span class='ocrx_word' id='word_1_173' title='bbox 907 2820 937 2868; x_wconf 89' lang='lat' dir='ltr'><strong>te</strong></span> 
     </span>
     <span class='ocr_line' id='line_1_30' title="bbox 128 2898 747 2974; baseline -0.002 -16"><span class='ocrx_word' id='word_1_174' title='bbox 128 2898 301 2959; x_wconf 87' lang='lat' dir='ltr'><strong>Possemus</strong></span> <span class='ocrx_word' id='word_1_175' title='bbox 313 2898 394 2958; x_wconf 75' lang='lat' dir='ltr'><strong>›iusti</strong></span> <span class='ocrx_word' id='word_1_176' title='bbox 414 2899 509 2974; x_wconf 82' lang='lat' dir='ltr'><strong>patris</strong></span> <span class='ocrx_word' id='word_1_177' title='bbox 533 2899 647 2957; x_wconf 87' lang='lat' dir='ltr'><strong>habere</strong></span> <span class='ocrx_word' id='word_1_178' title='bbox 665 2898 747 2970; x_wconf 85' lang='lat' dir='ltr'><strong>loro,</strong></span> 
     </span>
     <span class='ocr_line' id='line_1_31' title="bbox 91 2982 1003 3059; baseline -0.007 -17"><span class='ocrx_word' id='word_1_179' title='bbox 91 2982 166 3059; x_wconf 80' lang='lat' dir='ltr'><strong>Quis</strong></span> <span class='ocrx_word' id='word_1_180' title='bbox 189 2992 312 3043; x_wconf 87' lang='lat' dir='ltr'><strong>nostras</strong></span> <span class='ocrx_word' id='word_1_181' title='bbox 334 2984 458 3042; x_wconf 84' lang='lat' dir='ltr'><strong>damnet</strong></span> <span class='ocrx_word' id='word_1_182' title='bbox 478 2983 643 3043; x_wconf 73' lang='lat' dir='ltr'><strong>lacrimas?</strong></span> <span class='ocrx_word' id='word_1_183' title='bbox 664 2984 735 3058; x_wconf 79' lang='lat' dir='ltr'><strong>quis</strong></span> <span class='ocrx_word' id='word_1_184' title='bbox 754 2983 827 3040; x_wconf 85' lang='lat' dir='ltr'><strong>flere</strong></span> <span class='ocrx_word' id='word_1_185' title='bbox 845 2988 1003 3056; x_wconf 87' lang='lat' dir='ltr'><strong>parentem</strong></span> 
     </span>
     <span class='ocr_line' id='line_1_32' title="bbox 128 3067 692 3146; baseline -0.005 -18"><span class='ocrx_word' id='word_1_186' title='bbox 128 3069 383 3146; x_wconf 84' lang='lat' dir='ltr'><strong>Intempestivum</strong></span> <span class='ocrx_word' id='word_1_187' title='bbox 405 3068 516 3127; x_wconf 79' lang='lat' dir='ltr'><strong>dixerit</strong></span> <span class='ocrx_word' id='word_1_188' title='bbox 536 3067 692 3126; x_wconf 75' lang='lat' dir='ltr'><strong>officium?</strong></span> 
     </span>
    </p>
   </div>
   <div class='ocr_carea' id='block_1_3' title="bbox 87 3148 979 3656">
    <p class='ocr_par' dir='ltr' id='par_1_3' title="bbox 87 3148 910 3321">
     <span class='ocr_line' id='line_1_33' title="bbox 87 3148 910 3231; baseline -0.006 -19"><span class='ocrx_word' id='word_1_189' title='bbox 87 3148 197 3212; x_wconf 79' lang='lat' dir='ltr'><strong>Stabat</strong></span> <span class='ocrx_word' id='word_1_190' title='bbox 219 3153 447 3231; x_wconf 72' lang='lat' dir='ltr'><strong>Olympiadem,</strong></span> <span class='ocrx_word' id='word_1_191' title='bbox 467 3154 578 3225; x_wconf 82' lang='lat' dir='ltr'><strong>fateor,</strong></span> <span class='ocrx_word' id='word_1_192' title='bbox 597 3153 657 3210; x_wconf 88' lang='lat' dir='ltr'><strong>iam</strong></span> <span class='ocrx_word' id='word_1_193' title='bbox 680 3157 910 3222; x_wconf 72' lang='lat' dir='ltr'><strong>montanum,</strong></span> 
     </span>
     <span class='ocr_line' id='line_1_34' title="bbox 128 3238 847 3321; baseline -0.01 -22"><span class='ocrx_word' id='word_1_194' title='bbox 128 3241 230 3315; x_wconf 82' lang='lat' dir='ltr'><strong>Atque</strong></span> <span class='ocrx_word' id='word_1_195' title='bbox 252 3240 301 3300; x_wconf 90' lang='lat' dir='ltr'><strong>bis</strong></span> <span class='ocrx_word' id='word_1_196' title='bbox 325 3239 503 3321; x_wconf 81' lang='lat' dir='ltr'><strong>updecimae</strong></span> <span class='ocrx_word' id='word_1_197' title='bbox 520 3238 629 3297; x_wconf 80' lang='lat' dir='ltr'><strong>tertius</strong></span> <span class='ocrx_word' id='word_1_198' title='bbox 651 3254 749 3295; x_wconf 85' lang='lat' dir='ltr'><strong>annus</strong></span> <span class='ocrx_word' id='word_1_199' title='bbox 771 3242 847 3307; x_wconf 77' lang='lat' dir='ltr'><strong>erat,</strong></span> 
     </span>
    </p>

    <p class='ocr_par' dir='ltr' id='par_1_4' title="bbox 88 3322 800 3487">
     <span class='ocr_line' id='line_1_35' title="bbox 88 3322 800 3400; baseline -0.001 -18"><span class='ocrx_word' id='word_1_200' title='bbox 88 3322 214 3382; x_wconf 75' lang='lat' dir='ltr'><strong>limeriti</strong></span> <span class='ocrx_word' id='word_1_201' title='bbox 237 3323 358 3400; x_wconf 81' lang='lat' dir='ltr'><strong>quando</strong></span> <span class='ocrx_word' id='word_1_202' title='bbox 377 3333 408 3382; x_wconf 92' lang='lat' dir='ltr'><strong>te</strong></span> <span class='ocrx_word' id='word_1_203' title='bbox 429 3330 503 3400; x_wconf 92' lang='lat' dir='ltr'><strong>post</strong></span> <span class='ocrx_word' id='word_1_204' title='bbox 521 3322 676 3399; x_wconf 81' lang='lat' dir='ltr'><strong>stipendia</strong></span> <span class='ocrx_word' id='word_1_205' title='bbox 693 3339 800 3381; x_wconf 86' lang='lat' dir='ltr'><strong>cursus</strong></span> 
     </span>
     <span class='ocr_line' id='line_1_36' title="bbox 129 3406 776 3487; baseline -0.009 -16"><span class='ocrx_word' id='word_1_206' title='bbox 129 3408 315 3487; x_wconf 81' lang='lat' dir='ltr'><strong>Composuit</strong></span> <span class='ocrx_word' id='word_1_207' title='bbox 334 3408 456 3486; x_wconf 86' lang='lat' dir='ltr'><strong>placido</strong></span> <span class='ocrx_word' id='word_1_208' title='bbox 477 3408 645 3467; x_wconf 80' lang='lat' dir='ltr'><strong>tine-beata</strong></span> <span class='ocrx_word' id='word_1_209' title='bbox 670 3406 776 3481; x_wconf 61' lang='lat' dir='ltr'><strong>quiem</strong></span> 
     </span>
    </p>

    <p class='ocr_par' dir='ltr' id='par_1_5' title="bbox 89 3491 979 3656">
     <span class='ocr_line' id='line_1_37' title="bbox 89 3491 768 3568; baseline -0.007 -14"><span class='ocrx_word' id='word_1_210' title='bbox 89 3491 226 3568; x_wconf 80' lang='lat' dir='ltr'><strong>Qualiter</strong></span> <span class='ocrx_word' id='word_1_211' title='bbox 244 3494 380 3555; x_wconf 79' lang='lat' dir='ltr'><strong>autumni</strong></span> <span class='ocrx_word' id='word_1_212' title='bbox 401 3500 489 3552; x_wconf 86' lang='lat' dir='ltr'><strong>coeto</strong></span> <span class='ocrx_word' id='word_1_213' title='bbox 512 3492 656 3551; x_wconf 74' lang='lat' dir='ltr'><strong>flaventia</strong></span> <span class='ocrx_word' id='word_1_214' title='bbox 674 3509 768 3551; x_wconf 84' lang='lat' dir='ltr'><strong>succo</strong></span> 
     </span>
     <span class='ocr_line' id='line_1_38' title="bbox 128 3574 979 3656; baseline -0.012 -17"><span class='ocrx_word' id='word_1_215' title='bbox 128 3579 269 3643; x_wconf 87' lang='lat' dir='ltr'><strong>Pendula</strong></span> <span class='ocrx_word' id='word_1_216' title='bbox 286 3596 377 3656; x_wconf 87' lang='lat' dir='ltr'><strong>poma</strong></span> <span class='ocrx_word' id='word_1_217' title='bbox 397 3598 456 3639; x_wconf 83' lang='lat' dir='ltr'><strong>suo</strong></span> <span class='ocrx_word' id='word_1_218' title='bbox 477 3577 612 3653; x_wconf 85' lang='lat' dir='ltr'><strong>pondere</strong></span> <span class='ocrx_word' id='word_1_219' title='bbox 626 3578 712 3637; x_wconf 79' lang='lat' dir='ltr'><strong>fessa</strong></span> <span class='ocrx_word' id='word_1_220' title='bbox 736 3574 855 3635; x_wconf 84' lang='lat' dir='ltr'><strong>eadunt.</strong></span> <span class='ocrx_word' id='word_1_221' title='bbox 946 3604 951 3609; x_wconf 95' lang='lat'><em>-</em></span> <span class='ocrx_word' id='word_1_222' title='bbox 974 3584 979 3595; x_wconf 92' lang='lat'><strong>·</strong></span> 
     </span>
    </p>
   </div>
   <div class='ocr_carea' id='block_1_4' title="bbox 0 0 1256 4218">
    <p class='ocr_par' dir='ltr' id='par_1_6' title="bbox 0 0 1256 4218">
     <span class='ocr_line' id='line_1_39' title="bbox 0 0 1256 4218; baseline 0 1"><span class='ocrx_word' id='word_1_223' title='bbox 0 0 1256 4218; x_wconf 95' lang='lat' dir='ltr'><strong> </strong></span> 
     </span>
    </p>
   </div>
  </div>
 </body>
</html>
