2532 4216
525 364 565 423 37

105 527 208 586 Maiore
227 529 317 588 laude
339 530 446 603 vineis,
468 551 503 590 ao
526 551 612 592 suum
633 532 754 593 tandem

107 611 149 668 llli
168 614 334 687 auferendo,
356 615 491 675 vindicas
515 619 581 690 tibi,
602 618 719 677 Vatem.

106 695 176 754 Nam
192 700 265 759 bene
281 701 390 758 mereri
412 701 489 760 Vate
512 703 549 761 de
573 722 638 776 suo,
665 721 753 779 quom
773 723 829 763 neo

108 779 222 842 Servare
243 785 355 861 potuit,
376 784 443 844 iure
464 807 525 846 non
545 796 651 864 potest
669 787 741 847 ullo.

79 894 82 903 ·
107 865 180 926 Tuus
198 877 285 946 posta
304 878 352 930 est
370 870 461 947 igitur
482 873 597 949 optimo
620 873 695 931 iure.

107 948 184 1026 Quid,
203 956 282 1029 qnod
304 964 466 1032 vagantum
489 977 579 1017 nosse
603 956 740 1018 Siderum
760 976 877 1030 sursus,

107 1033 179 1098 Solis
196 1039 327 1113 labores,
353 1042 454 1117 spatia
473 1048 647 1101 menstruae
668 1043 786 1115 Lunae,

106 1122 267 1200 nonumque
286 1142 412 1203 gressus
435 1128 466 1184 in
491 1147 561 1187 suos
580 1128 777 1201 relabentem,
807 1156 810 1167 2

106 1205 217 1285 Indigna
236 1230 297 1269 non
322 1219 369 1268 est
388 1211 473 1289 Rege
495 1213 628 1272 maximo
650 1213 744 1271 nura?

106 1290 194 1353 Testis
215 1294 372 1371 Necepso,
394 1297 445 1372 qui
467 1295 615 1374 Canopioi
637 1297 723 1376 regni

106 1374 212 1438 Tenens
233 1381 381 1453 habenas,
403 1390 490 1440 noete
512 1383 676 1442 consulens
699 1383 826 1455 caelum,
901 1452 904 1459 ,

105 1458 292 1542 Quaecunque
313 1465 402 1525 limes
426 1476 508 1525 astra
531 1467 655 1545 signifer
678 1476 786 1544 portat,

104 1544 188 1606 Ratio
208 1549 334 1608 notavit.
357 1551 429 1626 quid
449 1561 585 1610 vetustus
609 1553 743 1612 eiusdem

105 1629 250 1707 Tyrannus
270 1636 370 1707 aulae,
392 1645 497 1711 terque
518 1636 670 1695 maximus
692 1637 757 1695 Nili

104 1714 244 1795 Regnator
264 1721 407 1794 Hermes,
430 1722 481 1796 qui
503 1721 652 1798 logistiois
671 1722 791 1797 punctis

105 1798 221 1881 Collegit
239 1813 337 1874 astra;
359 1806 465 1864 eaelioi
486 1805 654 1882 penetralis

104 1884 249 1948 Reseravit
271 1892 373 1966 adyta,
396 1891 480 1949 venit
500 1891 538 1947 ad
558 1890 644 1950 Deos
666 1891 763 1966 ipsos,

104 1969 185 2031 Caelo
205 1975 318 2051 potitus
340 1976 384 2034 sic
403 1995 460 2052 per
481 1985 563 2034 astra
581 1975 718 2051 captivo?

104 2054 171 2129 Quid
191 2061 309 2135 priscus
333 2060 433 2134 Atlas,
455 2070 551 2119 rector
570 2061 703 2132 Asnioae,
721 2060 771 2134 qui
793 2081 854 2119 non

104 2138 224 2217 cervice,
245 2165 347 2203 verum
371 2154 471 2205 mente
491 2147 615 2223 pertulit
637 2145 775 2204 eaelum?

104 2224 172 2299 Quid
189 2229 251 2304 ille,
271 2230 365 2288 canae
388 2250 477 2306 quem
500 2232 658 2307 loquentur
677 2239 805 2302 aetates,

103 2312 245 2372 Annorum
267 2315 418 2387 alumnus,
438 2317 550 2394 pignus
570 2335 693 2374 aureum
712 2314 800 2387 oaeli,

104 2392 242 2458 Castellae
262 2419 407 2458 amoenae
431 2400 501 2460 Rex
523 2409 660 2460 vetustus
684 2400 849 2470 Allonsus3

103 2480 222 2559 Aliique,
244 2505 318 2561 quos
342 2504 397 2542 neo
418 2486 644 2562 explicaven'm,
665 2485 779 2562 Reges,

103 2563 201 2626 Divina
222 2571 273 2645 qui
292 2590 348 2648 per
366 2571 480 2648 scripta
500 2571 635 2648 Regibus
657 2569 787 2647 magnis,

103 2650 269 2732 Magnisqne
290 2664 404 2713 tanturn
424 2656 561 2714 Duoibus
586 2664 727 2714 asserunt
749 2654 866 2713 artem?

102 2737 153 2795 Art
171 2740 229 2799 ista
248 2743 303 2812 sio,
322 2740 392 2798 Rex
415 2760 535 2819 magne,
560 2741 696 2818 Regibus
721 2761 778 2799 non
803 2748 850 2800 est

103 2819 228 2901 Indigna,
252 2845 331 2903 qnae
353 2835 396 2883 tot
416 2827 551 2884 vindices
572 2827 663 2884 babet
685 2826 798 2903 Reges.
906 2832 909 2841 ’

103 2903 227 2979 Quodsi
247 2920 276 2968 et
298 2910 437 2968 clientem
460 2913 539 2970 hune
559 2912 685 2986 reeipis3
709 2932 727 2969 o
749 2917 855 2984 quater
874 2908 960 2981 felix,

102 2987 187 3064 Quem
210 2997 255 3055 sio
274 3003 406 3067 tuentur,
429 2997 618 3070 saeculisque
642 2995 851 3054 commendant
895 3052 901 3067 ,

102 3073 205 3155 Regale
226 3082 370 3153 studium,
393 3089 485 3157 tuque
508 3082 659 3139 maximus
684 3080 811 3163 Regum.

161 3185 291 3252 [„memini
310 3195 397 3237 tamen
410 3203 452 3238 me
468 3189 561 3237 alieubi
573 3187 698 3238 memoria
713 3187 815 3250 lapsum
832 3198 897 3234 osse.
924 3183 1003 3247 igitar

159 3268 204 3319 pro
221 3256 267 3307 illo
288 3254 344 3305 Rea
362 3253 506 3307 Celtiberos
527 3256 682 3305 Tarraconis
701 3253 825 3318 Alsomus
838 3254 1002 3318 reponendus

160 3325 206 3374 erit
223 3326 267 3376 ille
285 3323 419 3376 castellae
436 3341 558 3374 amoenae
574 3341 623 3375 rea
635 3331 748 3374 vetustas
764 3322 912 3385 Alsonmff'
941 3322 1002 3373 Seu·

160 3393 223 3456 liger
251 3397 307 3460 ipse
330 3394 444 3445 moriens
471 3401 535 3444 testo
557 3394 666 3443 Daniele
694 3392 803 3442 Heinsio
827 3394 855 3442 in
877 3390 1003 3459 Scaligeri

160 3463 273 3527 epistolis
292 3479 317 3528 p.
338 3460 411 3527 835]

130 3550 182 3604 Hoc
197 3571 299 3613 onumen
317 3556 460 3621 praefixum
481 3561 520 3603 est
536 3553 616 3618 priori
637 3553 742 3603 editioni
759 3528 877 3603 Manilii
937 3605 940 3612 ,
