2586 4214
297 529 325 586 Α
343 527 494 586 desiderio
513 527 626 587 fuumio
645 528 729 587 nulla
748 534 862 605 potest.

254 610 344 685 Quod
364 612 391 671 si
411 613 530 671 iuridici
552 613 683 673 studium
704 622 736 671 te
754 612 889 687 muneris
910 621 1002 686 aroet,

296 697 377 773 Ergo
399 706 452 756 tuo
472 698 575 758 nullus
596 709 719 775 pectore
736 698 833 756 fervet
852 700 958 756 Amor.

254 780 361 855 Qualis
383 785 490 857 Amor,
509 784 537 842 si
557 802 611 842 vos
634 784 732 842 undae
757 782 930 847 discrimine
950 800 1048 859 parvo

295 866 432 926 Distinet
450 888 470 927 a
486 876 588 928 vestra
608 869 726 947 virgine
748 876 830 925 terra
850 868 980 944 procul?

253 952 335 1012 Dum
356 961 448 1026 natat,
470 954 614 1027 ostendit,
636 973 713 1030 quae
725 954 785 1025 vis,
796 952 945 1025 Leander,
959 973 1096 1011 amorum
1108 960 1163 1025 est,
1273 956 1274 973 ¹

296 1036 448 1097 Nocturni
469 1039 640 1114 impavidus
661 1058 796 1097 murmur
816 1037 854 1094 ad
875 1056 966 1095 omne
986 1039 1068 1096 freti.

254 1121 334 1197 Quin
357 1124 468 1183 adsunt
486 1125 553 1197 tibi,
567 1124 684 1195 Amice,
697 1131 789 1181 rates.
811 1123 908 1199 Magis
930 1142 1000 1200 ergo
1013 1124 1165 1181 Minervae

296 1208 443 1286 invigilas
466 1209 586 1282 studiis,
608 1218 639 1266 et
657 1208 761 1268 Venus
782 1207 853 1283 ipsa
873 1208 962 1265 iacet.

253 1292 359 1352 Pallas
376 1295 453 1365 iura,
477 1294 532 1352 sed
553 1294 679 1352 affectus
698 1295 802 1350 Venus
825 1293 952 1351 obtinet.
970 1293 1040 1351 Una

296 1377 426 1449 Palladi,
449 1377 497 1434 dio
517 1379 603 1450 mihi,
623 1379 691 1453 quis
712 1377 835 1450 serviat,
858 1386 889 1435 et
906 1378 1042 1435 Veneri?

255 1545 351 1622 ζ(78)
549 1540 689 1611 Ἠιῦέοις
713 1542 770 1605 οὐκ
791 1541 864 1604 ἔστι,

253 1629 326 1689 Νοη
351 1639 453 1689 tantos
477 1631 590 1706 patitur
609 1632 751 1691 iuvenum
772 1639 879 1688 natura
899 1631 1050 1704 labores,

297 1717 436 1791 Quantos
459 1715 599 1776 imbelles
622 1736 692 1790 nos,
715 1716 862 1774 muliebre
882 1734 981 1774 seons.

253 1801 407 1875 Aequales
429 1801 491 1861 illis
513 1802 634 1874 adsunt,
658 1821 806 1875 auraeque
828 1801 952 1859 dolores

297 1885 451 1962 Intrepida
474 1888 565 1946 sooiis
585 1888 719 1963 pandere
743 1905 816 1944 vooe
836 1885 916 1944 lieet.

252 1968 321 2027 Neo
340 1971 460 2043 desunt,
483 1979 615 2029 mentem
637 1990 714 2047 quae
732 1979 871 2047 pascant,
893 1970 1027 2027 ludiora:
1045 1970 1129 2030 vicos

298 2053 529 2114 Concelebrant:
549 2057 682 2114 animum
703 2056 785 2132 pieta
808 2056 923 2114 tabella
942 2056 1032 2131 oepit.

253 2138 354 2197 Nobis
378 2158 434 2196 neo
455 2140 502 2198 fas
526 2149 574 2199 est
595 2141 676 2199 ooeli
696 2160 834 2199 convexa
855 2141 942 2198 tueri.

297 2224 437 2283 Inclusas
461 2224 540 2283 ouria
563 2226 617 2285 sed
638 2227 746 2284 domus
765 2235 830 2284 atra
851 2226 962 2301 coquit.

255 2392 351 2468 (69)
533 2388 640 2472 Μηδὲν
666 2390 753 2472 ἄγαν,
780 2394 886 2477 σοφὸς.

253 2477 415 2537 Prudentis
438 2480 546 2538 scitum
563 2489 620 2552 est,
642 2479 693 2538 Ne
709 2480 780 2556 quid
796 2482 902 2551 nimis3
922 2482 981 2537 Ast
994 2496 1052 2555 ego
1067 2478 1165 2536 fastus

295 2564 468 2638 Induerom,
490 2565 577 2641 quasi
600 2566 657 2638 sal,
679 2573 731 2623 aut
747 2565 821 2623 mihi
841 2566 940 2625 forma
956 2564 1044 2621 foret

253 2646 448 2708 credideram
469 2650 570 2723 unius,
593 2670 692 2726 neque
715 2669 752 2708 ea
764 2659 812 2711 est
830 2651 896 2709 sine
913 2649 1030 2720 fraude,
1043 2646 1165 2724 puellae

294 2733 406 2792 Totam
427 2735 558 2791 animam
583 2735 617 2792 in
637 2736 777 2795 manibus
802 2755 922 2812 semper
942 2735 1055 2792 habere
1077 2732 1165 2790 meis.

252 2819 349 2891 Haeo,
372 2819 461 2895 quasi
482 2820 636 2895 poeniteat
656 2836 786 2893 morum,
809 2821 948 2896 vitaeque
969 2817 1095 2896 prioris,

295 2906 427 2962 intumet
448 2904 526 2962 elato
547 2924 627 2962 vana
648 2906 816 2981 supercilio.

252 2989 304 3052 sic
323 2990 408 3066 prius
424 2989 476 3047 ille
497 2990 598 3064 ferox,
620 2990 673 3047 ille
693 3010 813 3064 aereus,
834 2990 888 3048 ille
908 3009 965 3068 ego
990 2987 1075 3046 tarde

296 3073 456 3148 Credulus,
479 3084 665 3153 actangone
688 3085 780 3149 astra,
802 3083 928 3153 repente
950 3094 1013 3132 ruo.

251 3158 332 3221 Nam
352 3169 470 3219 vertere
491 3161 593 3219 vioes:
619 3169 649 3218 et
669 3161 800 3237 supplex
822 3163 937 3220 clamo:
958 3159 1117 3218 Nocentes

183 3244 187 3255 ’
294 3245 413 3304 Aetatis
435 3245 510 3303 vitio
531 3245 635 3324 (purae
654 3245 777 3322 Puella)
798 3265 912 3305 sumus.

253 3415 349 3490 (oel)
511 3409 606 3493 [ἰοίην
626 3411 670 3479 τὶς
688 3413 765 3494 πρὸς
784 3409 910 3494 ἔρωτας.

251 3497 408 3572 Quodnam
429 3499 488 3557 iter
508 3498 633 3558 insistas
654 3500 686 3557 in
708 3499 885 3558 amoribus?
908 3500 988 3557 Eoos
1008 3505 1131 3574 petaoes

294 3584 328 3641 In
352 3584 449 3644 triviis
470 3583 561 3642 luxus
585 3600 647 3642 non
667 3585 783 3661 patiere
806 3584 906 3660 lupae.
