2532 4216
540 375 580 435 tt

482 458 633 474 *Qu—n—

245 527 274 585 2.
324 533 361 591 In
383 538 504 600 Ioannis
525 547 702 625 Boanesonli
724 556 871 623 Peccata.

103 598 215 666 Prodite
238 631 337 674 aurea
356 622 469 699 scripta
490 627 672 709 Bonnefom,

102 683 187 748 Prodi
211 699 345 758 eandida
366 705 455 767 Musa
477 712 664 793 Bonnefom,

102 769 138 829 Ut
160 776 258 840 doctis
282 786 373 845 etiam
395 790 481 854 Italis
504 802 651 874 pudorem

100 854 252 939 lmponas,
274 872 384 944 quibus
408 878 441 935 in
463 881 694 950 Poeticaassis

100 937 163 1001 Non
182 959 230 1007 est
253 951 359 1015 Gallia
377 967 471 1024 terra:
494 988 624 1046 namque
649 976 722 1037 solis

98 1023 215 1091 Romuli
237 1041 441 1116 popularibus
465 1050 613 1130 Remique

98 1109 247 1178 Musarum
271 1127 438 1192 attribuunt
454 1137 550 1196 salem
564 1150 653 1216 atque
667 1155 804 1226 gustum3

98 1192 135 1253 Ut
155 1219 280 1275 quorum
301 1215 418 1287 patrios
439 1223 578 1298 utrinque
598 1229 675 1289 lines

98 1277 231 1350 Infernas
252 1314 336 1354 mare
358 1300 451 1378 cingit
471 1317 523 1365 aut
545 1308 710 1388 Supernas.

96 1361 155 1426 Nos
178 1393 299 1454 vappae
320 1401 437 1459 sumus,
460 1399 549 1467 atque
570 1399 768 1474 Apollinares

96 1447 187 1513 Lixae
210 1462 331 1523 Musica
350 1479 451 1530 castra
472 1491 686 1560 pervagantes,

14 1570 15 1583 r
97 1532 176 1608 Quos
195 1564 251 1604 neo
272 1549 359 1611 Italis
381 1576 455 1615 aura
478 1565 635 1640 vagientes

14 1656 16 1693 3
95 1616 224 1686 Primum
246 1635 413 1714 adflaverit,
442 1655 494 1702 aut
515 1649 626 1709 Latina
650 1674 781 1716 mamma

95 1702 153 1765 Lae
172 1712 353 1780 immulserit
374 1726 504 1789 humidis
530 1733 660 1796 labellis.

97 1786 138 1848 Tu
161 1811 266 1860 contra
287 1809 443 1871 Ausonios
465 1818 653 1896 pereleganti

95 1869 199 1942 Doctus
223 1891 356 1950 carmine
375 1917 522 1971 provocas
542 1903 666 1967 Poetae.

96 1955 142 2019 Sic
167 1978 227 2042 est3
249 1978 392 2038 materies
413 1983 482 2042 boni
502 1986 615 2048 Poetae

95 2042 176 2109 Merx
195 2066 242 2114 est
262 2062 396 2137 publica,
418 2087 507 2142 quarn
527 2073 579 2132 Dii
601 2077 724 2157 benigni

94 2125 229 2198 Vendunt
249 2147 389 2209 omnibus
412 2152 550 2230 improbo
573 2160 686 2222 labore.

14 2220 15 2235 ¹
94 2209 175 2278 Hanc
196 2228 243 2285 oui
266 2250 325 2288 non
344 2233 427 2294 lubet
449 2258 517 2299 esse
540 2246 716 2324 negligenti,

14 2320 15 2339 ³
93 2293 185 2364 Docta
203 2313 338 2373 Musicae
359 2319 390 2377 in
413 2324 485 2383 artis
508 2328 630 2388 officina

14 2410 16 2449 ς
95 2378 150 2445 Sub
172 2393 277 2456 incude
299 2400 412 2464 laboris
436 2427 532 2483 usqne
553 2417 681 2475 tundens

14 2476 15 2495 ¹
95 2463 164 2532 Sese
183 2480 310 2542 fabricat
329 2495 360 2545 et
378 2492 426 2551 sni
446 2494 558 2564 artifex
579 2500 626 2557 fit:

93 2548 152 2616 Nec
168 2563 281 2626 Romae
305 2574 381 2632 satis
405 2587 452 2636 est
470 2579 567 2640 fuisse
590 2593 708 2658 natum3
742 2608 756 2647 t

93 2634 165 2704 Nam
186 2652 230 2725 fit,
254 2675 316 2712 non
336 2661 424 2720 modo
448 2667 582 2725 nascitur
604 2670 709 2730 Poeta.

220 2822 249 2880 3.
291 2828 331 2884 In
349 2829 488 2890 Ponnnta
511 2838 574 2894 Iac.
600 2838 721 2901 Cortinio'
743 2843 859 2905 casas.

90 2889 146 2957 lam
167 2905 224 2964 sibi
245 2908 336 2969 decus
358 2929 516 2994 arrogaret
535 2921 642 2999 ingens

91 2974 185 3047 Tellus
208 2991 287 3067 Itala
307 2995 404 3057 literis
428 3010 458 3059 et
479 3006 586 3078 armis3

91 3059 295 3137 conlaudem
318 3093 407 3160 eaput
428 3088 557 3149 efferens
577 3095 710 3155 tenebris

88 3144 131 3210 Illi
149 3163 317 3239 praeripuit
339 3168 431 3229 docus
454 3173 556 3248 duelli,

90 3229 169 3300 Solas
190 3244 293 3305 Gallia
313 3252 418 3313 literas
443 3259 572 3334 reliquit.

88 3314 141 3382 Diu
161 3333 295 3392 constitit
319 3338 394 3397 haec
417 3342 534 3416 utrique
557 3346 671 3421 palma,
744 3421 746 3424 Ι
777 3428 780 3432 Δ

87 3399 141 3464 Diu
161 3411 249 3475 laude
272 3438 338 3494 sua,
361 3441 416 3483 sna
436 3427 602 3503 palaestra,

88 3485 141 3549 Suo
160 3517 281 3560 munere
305 3507 423 3570 functus
446 3520 493 3570 est
512 3522 649 3592 uterque,

85 3572 184 3642 Gallus
206 3589 358 3651 maximus
381 3595 450 3669 hoo,
470 3597 598 3659 Latinus
620 3599 691 3671 illo;
740 3688 758 3745 4
