2532 4216
674 365 714 426 4⁴

235 528 288 600 Ἐξ
312 528 454 611 ἀκμόνων
477 550 520 602 τε,
545 532 597 609 τῆς
619 555 651 593 τε
695 531 876 612 ειρωναξίας

238 613 477 685 Χαλκολτύπου,
491 613 650 716 σφύραισιν
665 555 695 684 ἐξ

239 699 307 785 Κᾴκ
329 704 389 761 τῶν
409 718 588 780 κακούργων
612 700 760 763 τεκτόνων
783 702 913 783 γείσσων
936 702 996 765 άπο
1040 768 1043 774 ,

239 784 416 868 Κεραμίδος
438 780 533 865 ἄκρης
555 784 692 869 λευσίμῳ
712 789 888 868 πετρώματι

239 867 368 953 Κάρηνα
389 866 536 950 καιρίοισι
561 868 755 950 θρυπτύντων
777 873 895 954 βολαῖς,

222 952 301 1019 ’Καὶ
323 957 395 1037 κῆρ’
421 952 545 1056 ἑτοίμηγ
567 957 620 1036 τῆς
641 955 827 1038 ἀπειλούσης
848 957 952 1019 δοκοῶ.

240 1037 309 1102 Τῶν
330 1044 359 1100 τ’
386 1037 416 1098 ἐν
442 1037 627 1119 δρυφάκτοις
646 1040 763 1120 θηρίων
786 1041 974 1123 δικηφάγων,

239 1121 301 1188 Καὶ
322 1129 381 1185 τῶν
404 1116 458 1182 ἀπ’
484 1120 580 1203 αὐλῆς
600 1124 768 1186 κνωδάλων
793 1125 978 1208 δυσωνύμου

235 1209 356 1293 Ἀργῶν
380 1205 518 1288 πιθήκων
544 1207 608 1269 ῶτα
631 1208 873 1291 διατετρημένων

239 1290 379 1377 Κρίκοισι
402 1289 452 1350 καὶ
474 1287 614 1371 κόμαισιν
638 1292 853 1376 ἐξησκημένων

240 1377 264 1440 Γ
267 1374 478 1457 υναικομίμοις
504 1376 683 1460 βοστρύχων
702 1377 904 1460 κηπεύμασιν.

234 1458 360 1545 Ὀχλων
383 1480 416 1519 τε
436 1463 495 1518 τῶν
522 1459 553 1520 ἐν
577 1461 714 1545 εὐσεβῶν
739 1467 846 1547 ψυχῶν
871 1462 957 1548 φόνῳ

239 1547 395 1627 Σφαγαῖσι
416 1545 445 1603 τ’
468 1542 608 1626 ἐξάγιστα
634 1548 796 1631 βαψάντων
819 1548 903 1630 ξίφη

240 1629 384 1698 Μάστιξιν
406 1626 459 1695 οὓς
481 1628 517 1710 δὴ
536 1632 687 1713 ποινίμοις
708 1633 904 1715 οίστρηλατεῖ

233 1712 400 1797 Ῥαίστειρ’
426 1712 542 1795 ἐριννύς
564 1718 614 1777 καὶ
637 1716 790 1798 θεήλατος
813 1719 892 1799 δίκη,

230 1798 291 1868 Ὣς
310 1796 363 1861 ούν
384 1797 437 1860 ἀπ’
463 1797 579 1880 ἐναγῶν
604 1800 713 1868 ἄστεος
734 1800 898 1884 Ιίοιρισίων,

204 1898 208 1908 “
240 1882 469 1967 Δυστεμφέλου
493 1884 529 1964 δὴ
554 1888 606 1965 τῆς
625 1888 721 1947 πάλαι
745 1884 838 1948 νόσου
863 1886 949 1968 μόγις

239 1967 403 2050 Χεῑμῶνος
424 1967 608 2031 ἐκνεύσαντοί
631 1995 651 2051 μ
689 1969 848 2038 ἐξεδέξατο

241 2051 284 2117 Τὸ
306 2051 493 2115 Βινδυκινῶν
517 2050 591 2114 άστυ
615 2055 665 2115 καὶ
684 2055 787 2137 ριλαις
808 2055 918 2138 δοχαῖς

236 2135 439 2206 Ἐπεξένωσε.
462 2135 490 2197 τί
508 2138 591 2217 μάλα
609 2140 771 2221 ποιήσαιμ’
798 2137 896 2222 ἔχωνς

241 2219 279 2285 Τί
297 2226 434 2305 πρῶτον;
457 2217 477 2302 ἥ
500 2243 527 2281 τι
546 2222 697 2298 λοίσθιον,
719 2224 798 2305 πλὴν
824 2225 851 2285 εί
870 2224 907 2285 τὰ
932 2229 986 2287 σοῦ

241 2307 380 2369 Φίλτατα
400 2312 432 2387 γ’
456 2303 655 2390 ἐπισκέψαιμ
678 2307 713 2369 ἂν
738 2307 771 2376 ὃς
791 2310 912 2372 πάντων
941 2309 1009 2391 ἐμοὶ

234 2388 334 2475 Ἔφυς
350 2392 384 2454 τὸ
403 2395 524 2473 πρῶτον
544 2391 594 2453 καὶ
616 2393 649 2454 τὸ
671 2392 807 2455 λοίσθιον
828 2397 939 2477 χρεῶν.

240 2474 367 2558 Πρῶτον
391 2477 441 2539 τὸν
465 2473 548 2558 οἷκον
573 2475 637 2537 εἶτα
660 2477 712 2559 τὴν
738 2479 895 2559 οίκουρίδα

240 2557 287 2623 Τά
305 2583 338 2622 τε
360 2560 450 2622 τέκνα
471 2564 524 2620 τοῦ
548 2559 702 2643 φύσαντος
728 2563 883 2646 ὀφθαλμὼ
908 2562 983 2625 δύω.

230 2641 275 2708 Ἃ
296 2645 345 2728 δὴ,
367 2646 418 2707 τὸν
443 2641 537 2717 οἶκον,
561 2643 660 2720 τέκνα,
685 2647 738 2729 τὴν
760 2647 917 2729 οίκουρίδα

237 2729 347 2793 Ἀθῶα
369 2730 467 2791 πάντα
491 2732 559 2790 σῶα
585 2729 610 2790 τ’
634 2731 760 2793 εὐθύνοι
784 2731 865 2797 θεός.

239 2812 282 2876 Σύ
306 2813 346 2891 δ’,
370 2815 395 2877 ὦ
422 2814 552 2898 φιλοισιν
576 2814 796 2896 εὐμενέστατον
818 2816 897 2898 κάρα

235 2897 359 2961 Ἀθῶον
384 2899 510 2962 εὐθύνοι
533 2920 567 2960 σε
588 2899 639 2960 καὶ
661 2905 741 2961 σῶον
761 2898 843 2968 θεός.

568 2987 647 3059 Vale,
674 2987 833 3051 Vindocim'.

282 3065 419 3137 Τούτους
437 3069 589 3153 νοσηλούς
607 3073 658 3130 καὶ
680 3069 888 3151 πυρέσσοντας
913 3068 1034 3152 στίχους

281 3151 417 3236 Πυρετόν
436 3177 476 3216 πυ
500 3153 598 3215 ε’σσων
622 3155 728 3221 νυκτὸς
748 3154 854 3222 ἐξεπον
879 3155 990 3235 σάμην.

436 3176 685 3302 ΧθΙΣΤΙΑΝΟΣ
707 3176 952 3318 ΣΚΑΛΑλθΩ[Ι].

240 3320 283 3387 Τὸ
307 3321 493 3387 Βινδυκινῶν
516 3323 542 3384 ῶ
567 3323 657 3405 φιλος
677 3324 835 3407 πολίχνιον

239 3406 332 3491 Ζηλῶ
354 3413 509 3493 προτιμῶν
532 3407 583 3468 καὶ
607 3408 754 3488 μεγίστων
776 3407 933 3486 άστεων[,]

240 3488 306 3557 Οὐκ
329 3493 485 3575 εὐάγιστον
510 3492 622 3554 ούνεκα
644 3497 766 3556 στεῦται
787 3493 882 3573 δάκρυ

239 3577 353 3662 Λαχεῖν
377 3578 519 3660 μεγίστου
541 3580 595 3638 τοῦ
621 3577 738 3661 βροτῶν
762 3575 929 3660 φερεσβίου

698 615 901 698 ωπλισμένης.
925 615 1176 696 [χαλκοκτύποοθρ
1243 702 1244 705 γ
