2604 4210
640 351 790 447 jes-2-

260 523 454 595 Omnitnens,
475 522 628 581 hominum
651 529 789 582 scrutans
813 520 955 580 mortalia
978 522 1082 594 corda,

260 610 395 668 Aeterna
421 615 451 665 et
470 608 652 679 veneranda,
675 607 777 667 colens
801 605 869 665 sola
888 626 982 666 aurea
1004 608 1082 679 iura,

261 691 347 766 Quae
365 693 464 752 varios
487 700 586 752 mutas
609 692 733 750 humani
754 686 879 768 pectori'
901 693 1021 765 fluctus,

261 780 359 855 Quam
386 785 558 856 agnoscunt
576 778 656 837 iuste
670 778 831 836 haerentes
846 778 1045 854 compagibus
1060 795 1175 835 omnes.

260 863 342 923 Nam
364 862 444 921 nosti
463 863 605 921 interiora
626 863 812 933 animorum;
833 862 913 919 haud
934 870 965 920 te
983 863 1079 921 lateat
1089 880 1176 922 mens

260 949 443 1008 Detrectans
465 943 583 1006 rationi'
607 948 721 1025 iugum,
746 946 914 1023 cuppedine
934 946 1048 1022 inique.
1077 1015 1079 1018 Α

262 1033 379 1094 Cuncta
396 1033 502 1106 tueris,
522 1040 629 1091 cuncta
648 1032 746 1105 audis,
769 1039 876 1090 cuncta
898 1032 1125 1092 admoderaris:

260 1119 298 1178 In
321 1127 351 1177 te
372 1126 454 1177 stant
475 1118 613 1176 mortalia
634 1118 718 1190 iura,
739 1116 900 1192 potissima
921 1115 999 1187 Dia;

260 1204 355 1265 Adsis
377 1204 573 1278 praestitibus
594 1203 664 1280 puri
686 1201 766 1261 sacri
786 1202 971 1274 auxiliatrix,

261 1287 312 1348 Da
329 1288 466 1365 placidas
483 1287 608 1346 rationis
629 1307 714 1370 opes,
735 1287 881 1345 cohibens
901 1286 1025 1344 inimica

263 1372 413 1444 Consilia,
433 1372 620 1445 insidiantia,
638 1372 754 1448 iniqua,
779 1373 921 1449 superbo,
946 1371 1076 1429 nefasta.

263 1542 299 1601 ct
475 1542 571 1600 Divae
594 1543 729 1600 Iustitiae
751 1541 891 1616 suffimen,
914 1550 967 1599 tas.

261 1626 401 1686 Iustitiae
424 1628 562 1686 obtestor
582 1627 724 1702 pulchrae
746 1625 942 1684 omnituentis
964 1624 1106 1697 ocellum,

262 1712 312 1772 Ad
333 1708 407 1770 Iovi’
432 1711 593 1771 Dictatori'
612 1713 698 1771 sedet
714 1730 791 1786 quae
811 1709 928 1768 illustre
949 1710 1093 1784 tribunal,

264 1796 401 1857 Coelitns
425 1798 591 1856 endotuens
613 1816 714 1856 mores
736 1795 908 1854 mortalium
928 1794 1106 1868 homonum,

263 1885 362 1956 Atque
384 1882 477 1940 ultrix
498 1883 635 1959 plectens
653 1883 785 1939 humana
804 1879 940 1941 nefantia
957 1880 1049 1952 facto,

263 1969 313 2027 Ex
333 1986 429 2042 aequo
449 1968 512 2026 veri
534 1968 718 2045 coniungens
741 1965 886 2043 disparile
907 1984 1007 2024 omne.

263 2052 346 2111 Nom
367 2070 563 2127 quaecunque
584 2052 657 2110 viris
684 2051 835 2111 sententia
855 2051 992 2127 pessima
1012 2050 1121 2122 sunsit,

266 2135 414 2196 Consiliis
436 2136 509 2194 diris
528 2136 654 2193 infando
676 2131 845 2195 volentibu*
866 2153 1014 2211 quaeque,

267 2220 339 2282 Sola
353 2220 456 2297 iugum
479 2221 636 2297 imponens
658 2221 781 2280 iniustis
803 2222 870 2279 iura
890 2220 1049 2290 ministris,

264 2306 452 2371 Iniustorum
473 2306 584 2379 hostis,
606 2305 753 2367 Sanctum
775 2306 857 2364 mitis
879 2306 986 2363 amica.

265 2393 379 2450 Verum
400 2391 483 2450 adsis
510 2411 631 2468 semper
650 2392 752 2451 fausto
770 2392 838 2450 Dea
858 2390 979 2450 numine
1002 2390 1092 2462 iusta,

265 2477 349 2537 vitai
368 2485 401 2535 ut
422 2479 524 2536 veniat
545 2478 627 2550 finis,
649 2496 739 2551 quom
760 2478 861 2535 Morta
884 2475 1003 2552 profata
1022 2483 1078 2534 est

267 2646 307 2706 62
460 2648 556 2705 Divae
576 2648 740 2722 Aequitatc's
761 2646 901 2720 suffimen,
922 2654 976 2703 tus.

268 2731 397 2791 Obona
419 2749 490 2788 cura
511 2732 678 2804 hominum,
697 2730 843 2807 locuples,
864 2729 1033 2789 iustissima
1051 2728 1151 2806 virgo,

267 2814 397 2893 Semper
417 2835 523 2875 amans
546 2817 686 2875 homines
708 2815 849 2893 aequalia
867 2816 934 2873 iura
953 2815 1096 2884 colentes,

268 2901 296 2962 Ο
321 2903 504 2975 veneranda,
526 2902 617 2960 beata
636 2900 715 2974 Dea,
737 2922 754 2960 ο
775 2900 878 2959 Iuritis
901 2900 1027 2972 honora,

266 2985 358 3044 Puris
380 2987 499 3046 iudiciis
520 2987 705 3069 'dispensans
726 2986 842 3062 optima
861 2986 938 3065 iura,

266 3069 335 3131 Nec
353 3079 485 3131 mentem
504 3071 663 3130 labefacta.
686 3071 796 3129 etenim
822 3077 946 3129 cunctos
967 3069 1134 3128 labefactas

268 3157 329 3232 Qui
350 3167 402 3215 tua
422 3177 485 3216 non
508 3157 629 3216 subiere
652 3157 723 3214 boni
743 3156 825 3233 iuga,
850 3155 904 3214 sed
924 3155 1021 3232 magis
1041 3154 1109 3230 ipsa

266 3241 419 3315 Indomiti,
444 3242 584 3301 horrifice
606 3242 759 3301 declinant
784 3242 911 3299 verbera
932 3239 1028 3317 flagri.

268 3325 417 3401 Concors,
439 3328 579 3387 omnibus
601 3346 706 3402 aequa,
733 3333 871 3398 venusta,
898 3325 1045 3397 dicacula,
1071 3323 1179 3394 amica,

266 3412 373 3470 Munia
393 3413 479 3490 pacis
500 3432 616 3485 amans,
636 3420 736 3470 certae
756 3410 952 3487 cupidissima
970 3410 1059 3468 vitae.

268 3495 348 3554 Nam
371 3497 441 3574 plus
464 3498 655 3572 deteriusque
677 3497 780 3569 odisti,
805 3504 835 3554 et
856 3495 957 3573 diligis
982 3513 1120 3572 aequum.

250 3581 307 3646 ln
325 3588 356 3664 te
378 3583 470 3643 habet
489 3584 604 3661 virtus„
619 3582 651 3640 in
674 3589 704 3641 te
722 3581 876 3660 sapientia·
888 3581 990 3640 finem.
