2532 4216
466 332 616 433 —68—

134 497 223 559 Guius
246 500 346 559 adhuc
365 502 466 560 laudet
484 503 568 561 fama
588 504 720 565 tribunal
739 524 827 580 anus,

24 586 25 597 ¹
96 584 131 642 llt
145 604 235 661 grave
257 586 410 659 indicium,
432 587 596 662 eiuscius,
619 589 671 665 qui
692 599 794 649 movet
816 612 923 652 urnam

22 728 23 743 χ
133 669 293 745 Quaesitor
315 672 428 744 Minos,
452 675 553 731 Aeace
575 675 640 733 sive
665 682 763 733 tuum:

20 752 22 801 l
97 752 200 812 Omnia
219 756 387 815 concedent
407 758 465 814 iuri
486 759 634 818 subsellia
658 766 774 832 nostro,

132 838 328 918 laetitiaeque
350 841 461 901 erimus
482 843 535 901 lex
556 844 704 901 imitanda
724 864 829 903 novae.

95 920 217 982 Saecula
237 924 371 998 Saturni,
394 926 588 1004 priscumque
609 928 786 988 reduximus
809 949 913 991 aurum

130 1008 263 1070 Iudiciis.
286 1012 412 1070 Themis
435 1021 482 1070 est
503 1032 556 1071 ore
577 1013 679 1071 locuta
699 1030 776 1074 mco.

94 1091 148 1151 Vos
167 1097 408 1174 conscriptorum
429 1097 560 1175 collegia
581 1098 797 1157 seriaPatrum

130 1177 250 1255 Testor,
270 1190 302 1239 et
320 1181 467 1259 auspiciis
488 1181 581 1241 Curia
601 1191 684 1241 recta
705 1184 797 1242 meis:

92 1261 250 1338 Ecquando
268 1268 403 1325 auditum
424 1275 531 1326 nostra
550 1268 698 1340 vallabo,
721 1268 769 1326 vel
790 1270 851 1328 ullo

131 1347 262 1410 Crimine
284 1361 328 1410 tot
348 1370 492 1428 proceres
516 1352 675 1412 erubuisse
695 1355 797 1412 novo?

95 1431 174 1506 Quae
194 1455 263 1495 mea
283 1437 401 1496 calcato
423 1438 574 1497 sententia
594 1438 691 1498 missa
709 1440 823 1516 pudore

131 1518 283 1580 Imminuit
303 1530 423 1581 vestrae
444 1523 511 1580 iura
531 1541 638 1581 severa
660 1525 769 1601 togae?

94 1598 162 1674 Quis
184 1626 238 1666 nos
258 1608 410 1666 vindictae
431 1607 531 1669 caecis
551 1607 684 1667 caluisse
709 1610 827 1667 notavit

130 1689 271 1764 Motibus,
293 1693 414 1752 obiotto
438 1692 488 1750 vel
506 1694 644 1768 tepuisse
665 1694 768 1750 metu?

95 1769 165 1846 Quis
184 1776 299 1834 lentum
325 1777 417 1835 vidit?
439 1777 619 1836 Miserarum
637 1784 710 1836 vota
732 1777 875 1836 clientum

130 1858 247 1919 Eventu
270 1862 353 1923 dubii
375 1862 510 1939 pendula
532 1880 625 1938 saepe
647 1862 708 1921 fori

93 1938 160 2001 Non
183 1947 271 2005 favor
293 1945 396 2020 elusit,
417 1967 476 2005 non
496 1948 635 2022 improba
656 1948 754 2024 gratia
777 1947 859 2021 vicit,

130 2027 198 2089 Non
220 2031 455 2108 frustrat[r]ices
477 2032 632 2091 detinuere
650 2052 769 2091 morae:

93 2108 157 2173 Non
176 2117 259 2174 mala
282 2118 379 2190 fraus,
400 2127 430 2175 et
447 2117 522 2177 iuris
544 2118 764 2176 inextricabilis
790 2137 885 2189 error,

130 2198 198 2259 Non
216 2203 319 2280 legum
337 2203 368 2260 in
391 2203 498 2261 dubias
518 2202 648 2279 compita
669 2212 752 2262 secta
770 2202 847 2261 vias.

93 2284 130 2341 lt
146 2286 256 2364 longae
279 2289 424 2364 ambages
443 2287 513 2346 lites
536 2307 576 2345 ex
600 2288 652 2345 lite
673 2294 851 2365 propagant,

128 2370 167 2429 Et
187 2372 271 2431 fraus
295 2375 458 2433 succrescit
474 2373 630 2430 fraudibus
653 2382 716 2430 arte
739 2371 828 2429 mala.

92 2453 134 2510 Ah
157 2458 257 2515 valeat
277 2477 473 2534 quaecunque
495 2459 563 2516 viae
587 2457 768 2532 compendia
788 2455 894 2526 nescit,

130 2539 330 2620 Pragmaticis
350 2543 465 2600 nullum
486 2562 600 2618 porreto
622 2543 709 2599 docta
731 2541 862 2613 modum,

94 2620 149 2682 Sed
169 2628 250 2686 male
271 2628 413 2685 iudicium
435 2628 545 2701 differt,
569 2644 604 2684 ac
627 2627 718 2685 surda
739 2635 872 2685 moratur

129 2709 201 2772 Nou
224 2724 348 2771 exorata
368 2714 451 2771 curia
470 2713 574 2772 clausa
596 2731 676 2785 sera,

92 2789 213 2874 Dignior
235 2799 359 2876 ignaras
381 2799 470 2874 aequi
491 2819 568 2875 quae
590 2805 738 2874 temperet
758 2797 859 2869 urbes,

128 2881 230 2941 Ponat
252 2883 333 2941 etin
356 2881 497 2959 Scythico
518 2885 648 2951 barbara
669 2884 736 2941 iura
760 2884 839 2940 foro.

92 2960 242 3026 Scdulitae
264 2988 325 3027 una
343 2978 391 3027 ost
413 2970 575 3028 clementia
593 2968 702 3026 iudicis
724 2967 824 3043 aequi,

129 3051 267 3113 Saevitia
291 3063 338 3113 est
358 3055 498 3130 quicquid
522 3062 623 3113 cessat
642 3054 680 3111 ab
701 3052 811 3110 officio.

90 3133 142 3195 Ille
162 3158 266 3198 moras
289 3139 402 3216 legum,
426 3147 456 3197 et
475 3139 549 3198 iuris
568 3136 736 3197 retinacula
757 3143 886 3211 rumpat,

129 3222 261 3284 Sedulus
282 3224 423 3300 exemplo
446 3225 497 3300 qui
515 3224 598 3284 volet
619 3241 689 3281 esse
710 3240 789 3278 meo.

89 3302 244 3368 Hactenus
268 3309 413 3367 excubiae
434 3309 551 3385 populi.
572 3310 690 3385 privata
709 3312 870 3381 supersunt

127 3395 243 3466 Mania,
262 3403 292 3452 et
314 3396 479 3453 instructae
504 3394 611 3452 sedula
632 3412 704 3451 cura
725 3391 840 3449 domus.

88 3473 157 3537 Non
178 3479 254 3539 mihi
276 3480 409 3539 conscivi
432 3478 592 3552 maculam,
616 3497 676 3552 qua
697 3495 821 3548 nomen,
843 3483 873 3534 et
891 3473 976 3551 ipsos

127 3564 223 3624 Fama
243 3584 331 3626 meos
354 3562 451 3624 mores
475 3564 597 3623 decolor
616 3563 680 3620 ulla
701 3569 794 3620 notet.
