2532 4216
627 345 778 440 *dd—

246 513 337 575 Galle
358 513 447 572 fortis
472 530 553 585 eras,
575 513 686 575 Latine
708 515 833 574 doctus:

246 598 336 660 Galle
356 597 445 656 miles
472 617 551 670 eras,
575 598 684 658 Latine
704 611 800 658 vates.

244 683 351 742 Donec
372 681 476 742 Gallia
497 690 579 741 terra
599 693 731 760 tempore
753 704 812 742 uno

244 768 353 827 Plures
376 767 468 825 edidit
487 786 596 827 aureos
620 769 768 841 alumnos,

245 853 361 912 Doctcs
381 853 598 927 Phoebicolas,
622 855 716 913 bonos
737 854 864 925 Poetae,

246 939 346 1014 Quam
368 957 425 996 nec
446 938 525 996 Itala
547 938 658 997 seculis
681 939 834 997 trecentis.

244 1023 285 1082 Et
305 1019 452 1082 Cissaeus
475 1024 507 1081 in
529 1023 577 1081 his
597 1023 695 1080 locum
716 1032 825 1096 tuetur,

246 1107 335 1169 Siren
359 1107 479 1167 Gallica
501 1107 596 1166 seculi
615 1108 742 1169 cruditi:

244 1193 319 1253 Non
338 1193 434 1251 solum
456 1194 571 1269 patrias
591 1194 696 1252 colens
717 1192 901 1264 camoenas,

246 1277 308 1339 Sed
328 1277 449 1336 Phoebi
466 1278 586 1335 celeber.
610 1278 704 1336 cliens
727 1277 866 1353 Pelasgi3

244 1364 285 1423 Et
306 1363 405 1421 Musis
427 1371 516 1437 capnt
540 1363 626 1420 Italis
651 1362 794 1422 amicum:

244 1449 306 1506 Per
325 1467 414 1524 quem
436 1467 496 1504 non
517 1447 603 1507 modo
625 1447 745 1505 Tibridi
766 1453 883 1505 vetusto

246 1532 368 1592 Clarum
388 1533 555 1609 praeripuit
574 1532 666 1591 decus
690 1533 798 1602 duelli;

245 1616 314 1679 Sed·
326 1637 382 1676 nec
405 1616 508 1676 Gallia
528 1617 632 1676 literas
655 1618 785 1693 reliquit.

245 1702 338 1764 Salve
358 1702 461 1762 Gallia
486 1702 593 1760 clarior
617 1701 780 1762 camoenis
861 1741 864 1749 ·

244 1789 352 1848 Prisco
376 1787 512 1860 Tibride‚
530 1788 638 1845 clarior
659 1788 774 1846 duello:
861 1799 864 1805 '

245 1874 346 1932 Tanto
373 1872 476 1932 Gallia
498 1872 609 1930 clarior
632 1870 807 1946 Camcenis,

245 1957 365 2032 Quanto
388 1958 499 2015 clarior
516 1964 606 2014 antea
628 1957 738 2016 duello.
861 1954 863 1960 ⁴

245 2128 274 2186 4.
323 2130 361 2185 In
388 2145 491 2184 nocam
525 2129 675 2184 editionem
704 2127 900 2202 Parapltrcst's
928 2127 1107 2187 Baclacam‘
1130 2131 1162 2187 in

265 2213 414 2281 Psalm08‚
443 2212 530 2286 quem
550 2212 634 2268 Ales.
657 2212 799 2282 Morison,
821 2214 927 2270 sororis
948 2214 1041 2287 ipsius
1056 2215 1139 2287 filins

373 2296 376 2305 ’
583 2300 764 2371 procuravit.

244 2382 323 2453 Ista,
347 2379 506 2439 Caledonii
527 2381 616 2438 vertit
638 2400 716 2457 quae
738 2383 827 2440 Musa
848 2381 972 2451 Poetae,

286 2467 352 2524 Iam
373 2465 457 2542 prius
477 2464 621 2524 Hebraea
642 2468 776 2525 carmina
796 2467 877 2532 culta
896 2466 973 2543 lyra,

245 2550 444 2628 Typographi
465 2552 593 2626 primum
615 2552 715 2611 foedis
739 2553 881 2609 damnata
895 2551 1007 2622 lituris,

287 2636 359 2693 Vati
380 2655 477 2711 nuper
499 2646 585 2695 erant
604 2638 768 2696 inficianda
789 2657 856 2695 suo.

244 2720 390 2780 Exsoluit
404 2721 604 2795 Moris0n‚›et
625 2723 731 2782 doctus
754 2720 919 2779 avunculus
943 2719 1005 2778 illis

288 2806 376 2881 Quod
398 2805 532 2879 dederat,
552 2827 611 2865 non
633 2817 680 2866 est
700 2824 813 2884 passus
837 2807 947 2864 abesse
971 2805 1074 2864 decus.

246 2890 395 2965 Gaudete,
418 2912 436 2950 o
462 2893 680 2964 admiratis,
702 2893 755 2968 pia
775 2891 910 2962 numina,
932 2890 1052 2963 Manes,

290 2974 421 3037 sibene
442 2978 563 3055 cognati
585 2996 637 3035 vos
659 2976 820 3034 benefacta
839 2976 954 3047 iuvant,

244 3062 335 3122 Nunc
354 3081 430 3139 opus
452 3064 518 3135 hcc,
537 3062 673 3120 Moriscn
696 3062 778 3137 quod
801 3060 924 3118 luminis
946 3059 1008 3116 edit
1027 3058 1060 3116 in
1077 3080 1159 3134 crae,

286 3147 428 3206 Vestrum
451 3158 511 3219 est3
533 3146 755 3224 Typographus
776 3147 890 3204 fecerat
908 3152 980 3202 ante
999 3162 1098 3205 suum.

244 3314 274 3374 5.
307 3317 346 3373 In
357 3315 514 3374 Scaevolae
527 3314 902 3387 Sammartltam'Poematc,
916 3318 956 3373 cd
971 3314 1159 3391 Chrysccum.
1250 3332 1252 3383 J

245 3398 393 3460 Scaevola
414 3401 441 3459 si
463 3399 550 3458 cultis
573 3400 684 3458 mulcet
704 3402 759 3460 tibi
780 3393 919 3459 versibns
942 3418 1042 3473 aures,

286 3484 367 3543 Dum
390 3492 442 3541 tua
464 3503 549 3542 mens
573 3484 654 3543 docti
674 3487 788 3563 pendet
810 3485 847 3542 ab
871 3504 924 3543 ore
943 3484 1014 3544 viri:

245 3566 278 3628 Si
299 3569 419 3646 lepidae
441 3569 560 3628 blandis
582 3570 700 3629 inhiant
720 3571 776 3630 tibi
798 3570 882 3628 mille
904 3569 1026 3647 puellae
