2532 4216
503 360 541 421 bt

119 525 254 600 blaquiis,
277 526 379 586 animo
402 529 478 603 q'uaa
501 531 623 590 sitiente
639 531 732 590 bibis:

28 612 30 655 ἐ
87 607 136 667 Gar
149 611 221 691 felix=
240 631 359 678 mecum
381 628 449 672 esse
474 617 571 692 cupis,
595 615 771 693 Chrysaeei
792 619 864 692 quid
885 619 964 678 ultra

120 694 179 769 Quo
198 697 275 754 caeli
295 705 403 775 tangas
429 700 531 758 sidera
552 720 680 774 summe,
701 701 805 778 petis?

86 778 132 836 Ille
150 788 228 839 tenet
248 784 376 856 caelum,
401 785 448 841 cui
468 794 626 861 praestant
649 785 732 843 mille
753 787 874 862 puellae

119 865 194 922 Mille
213 867 309 941 Deas,
331 888 409 927 unus
437 867 587 930 Scaevola
608 871 690 930 mille
711 870 804 929 Deos.

28 1050 30 1135 ἰ
87 1033 110 1091 6.
147 1038 182 1093 Ia
204 1036 284 1095 Petri
314 1037 449 1095 Laenaea’
472 1041 577 1098 librant
600 1038 744 1097 Gallicam
765 1042 800 1097 de
821 1039 977 1120 Prodiat'ia.

28 1168 30 1195 ξ
86 1116 145 1176 Non
164 1121 252 1198 igitur
274 1120 395 1183 Natura
416 1132 530 1200 potest,
552 1126 705 1195 Launaee,
725 1125 830 1183 iubere
899 1200 902 1203 ι

28 1264 30 1277 ,
120 1202 183 1263 Sala
205 1207 294 1265 novis
312 1208 419 1264 miram
439 1210 530 1268 rebus
553 1211 663 1268 adesse
685 1209 790 1268 fidemz
827 1242 831 1249 ,

28 1344 29 1357 ,
87 1286 320 1366 Quandoquidem
340 1312 401 1350 una
419 1295 503 1352 novis
526 1296 616 1352 audet
638 1312 672 1353 se
690 1294 799 1353 tollere
818 1296 941 1374 linguae

28 1400 29 1423 1
119 1373 276 1449 Laudibus,
298 1377 410 1453 eloquii
429 1379 490 1435 fida
511 1380 651 1438 ministra
671 1380 725 1436 tui.

87 1455 191 1537 Quippe
211 1463 362 1523 immensa
383 1481 507 1536 canens,
531 1465 726 1538 mirandaque
741 1465 977 1525 foederatarum

119 1538 184 1604 Non
204 1549 303 1622 potuit
321 1548 396 1607 tanti
418 1556 504 1624 parte
525 1568 627 1607 carere
649 1548 715 1607 loci.

28 1664 29 1669 κ
87 1626 159 1702 Quae
179 1634 204 1690 si
224 1641 336 1707 quanta
360 1634 450 1706 canit,
474 1642 520 1692 tot
545 1635 635 1691 habet
657 1634 801 1691 miracula
823 1635 918 1707 vocis,

28 1730 29 1739 ¹
119 1713 153 1771 Et
173 1724 216 1776 tot
238 1719 390 1777 honorata
407 1719 537 1795 pignora
558 1719 647 1787 laude
670 1719 764 1792 capit:

87 1794 198 1859 Caetera
218 1811 348 1878 quantus
369 1803 468 1861 honos
491 1802 627 1861 Naturae
649 1803 726 1859 mira
745 1803 881 1878 parentis

28 1948 29 1951 ,
121 1882 212 1963 Supra
232 1886 370 1945 Naturae
390 1907 515 1945 munera
537 1906 631 1966 posse
653 1887 755 1963 loqui?

28 1970 29 1981 ¹
218 1983 304 2039 Annos
320 1981 393 2033 1571.

232 2139 261 2196 t.
306 2139 353 2196 De
372 2141 487 2214 emptis
509 2141 554 2196 Io.
574 2140 710 2196 Batsselb'
729 2140 756 2195 Ι.
784 2137 814 2195 0.

87 2213 175 2277 Civica
195 2242 287 2298 saepe
309 2242 418 2300 gerens
442 2223 541 2282 dubiis
565 2243 621 2299 pra
641 2223 744 2281 litibus
768 2241 852 2280 arma

119 2302 264 2366 Pictonico
285 2308 413 2367 obtinuit
433 2309 569 2385 praemia
591 2326 708 2387 summa
728 2307 807 2365 forn:

85 2385 117 2444 Et
135 2410 206 2450 nunc
229 2394 309 2450 idem
331 2393 407 2451 alias
430 2414 523 2470 porro
546 2410 711 2450 conversus
735 2393 774 2448 ad
795 2399 875 2448 artes

121 2471 222 2535 Scribit
245 2497 323 2552 quae
344 2480 459 2553 passim
479 2476 581 2537 Gallia
598 2484 660 2535 tota
679 2476 774 2553 legate

85 2558 119 2613 At
139 2580 285 2638 nunquam
309 2581 446 2637 cessans,
468 2573 498 2620 et
520 2562 559 2619 ad
580 2562 681 2619 amnia
702 2556 813 2638 magna
833 2568 956 2637 paratus

120 2640 280 2707 Baissellus
303 2648 433 2724 patriam
451 2667 526 2707 voce
547 2646 691 2720 librisque
713 2648 805 2705 iuvat.

86 2722 267 2811 sectantum
287 2733 355 2791 voci
373 2735 571 2810 praestabunt
593 2732 704 2806 scripta
726 2733 868 2804 disertae,

120 2813 265 2888 Quantum
285 2817 441 2876 Pictonico
465 2818 567 2878 Gallia
588 2824 653 2875 tota
676 2818 751 2876 foro.

86 2980 110 3038 8.
134 2987 168 3043 Ia
189 2986 339 3064 Spectmen
357 2991 563 3046 vetustissimae
587 2985 726 3046 Getarum
745 2986 878 3059 Mnyaae
899 2987 976 3044 Bon.

397 3073 535 3131 Vulcania
561 3074 676 3130 editore.

85 3145 159 3213 Naso
179 3155 357 3214 Tomitanae
379 3158 482 3214 didicit
502 3166 588 3216 vetus
611 3153 713 3212 incola
732 3162 832 3213 terrae

118 3236 248 3298 Barbara
267 3241 417 3301 Romanis
440 3251 559 3300 nectere
575 3240 677 3298 uerba
696 3237 802 3295 modis.

85 3320 119 3377 At
137 3332 166 3381 tu
186 3326 325 3395 ducturas
346 3335 466 3404 gentem
492 3346 548 3384 sua
568 3326 661 3384 verba
680 3323 830 3394 Latinam,
908 3320 910 3323 ’

119 3406 251 3484 Vulcani,
274 3411 373 3488 gelido
391 3411 506 3487 promis
528 3412 565 3469 ab
588 3427 646 3467 axe
671 3407 775 3467 Getas.

28 3534 30 3543 .
85 3486 227 3572 Contingit
246 3504 366 3569 nostro,
388 3496 465 3572 quod
485 3494 561 3553 nulli
582 3494 709 3570 contigit
726 3510 813 3563 aevo,

119 3576 237 3639 Vertere
259 3578 457 3659 Hyperboreo
476 3580 556 3638 dicta
575 3579 685 3638 Latina
706 3595 790 3719 scira
