2532 4216
483 380 632 474 *1-9-

108 548 213 606 Famae
236 548 390 626 stigmata,
414 551 546 610 nominis
571 551 688 624 lituras,

109 631 215 709 Speras
234 633 306 693 olim
324 634 444 692 abolere
465 644 579 712 posse3
600 637 721 695 frustra.

108 716 178 776 Cum
200 719 310 777 vulnus
331 719 412 791 coiit,
434 730 535 778 manet
557 722 698 783 cicatrix:

106 801 200 879 thue
221 804 349 861 infamia
368 804 477 864 vulnus
502 815 549 864 est
569 806 692 864 honoris
699 829 710 875 ,·

107 888 150 945 Ita
168 889 334 967 ignominia
355 889 420 948 eius
442 898 490 949 est
511 891 646 949 cicatrix.

110 1058 153 1115 13.
192 1058 239 1115 Dc
269 1058 393 1131 Sabino,
422 1078 503 1134 qaam
524 1063 675 1137 sponsione
703 1060 779 1118 mille
801 1078 837 1117 cc
863 1060 1016 1119 ducentum

136 1162 286 1201 aureorum
292 1154 479 1221 provocarat,
491 1149 695 1222 terpiccrscntc
703 1146 862 1220 triumphat
868 1141 988 1201 Auctor.

107 1227 188 1301 Quod
208 1227 375 1287 Fontenaci
399 1249 491 1287 verna
512 1251 570 1288 non
596 1230 735 1303 viriliter,

108 1311 199 1386 Quem
223 1314 335 1373 stultus
357 1314 476 1371 hostem
499 1316 680 1390 provocavit,
704 1313 830 1390 excipit:

108 1396 192 1471 Quod
215 1399 386 1474 sponsione
406 1399 467 1456 iam
490 1400 663 1474 lacessitus,
686 1410 787 1459 tamen

106 1481 285 1556 Frustratur,
309 1491 339 1540 et
357 1484 495 1556 calvitur,
519 1493 548 1542 et
569 1487 677 1561 pedem
701 1486 802 1545 struitr

105 1566 246 1625 Extrema
267 1587 360 1625 arena
379 1570 456 1643 quod
479 1570 613 1644 Quirites
637 1572 784 1628 invocans

106 1651 272 1711 Indebitam
296 1654 424 1711 antehac
445 1655 623 1713 missionem
643 1655 787 1732 postulat,

106 1736 173 1796 Non
196 1758 282 1795 crure
305 1746 397 1812 secto,
421 1759 479 1797 non
501 1739 646 1796 lacertum
668 1742 800 1810 saucius,

106 1822 170 1880 Non
196 1824 283 1881 hoste
305 1824 383 1881 viso:
408 1824 462 1882 sed
484 1824 575 1881 tubae
598 1824 700 1883 audito
726 1843 798 1882 sono

106 1907 222 1986 Turpes
246 1909 379 1966 latebras
403 1909 520 1984 quaerit
540 1909 688 1987 exanguis
710 1918 805 1968 metu:

105 1991 163 2052 Vos
187 1992 366 2052 Gallicanae
385 1992 547 2051 lumen‘ac
567 1995 657 2053 decus
680 2003 769 2073 togae

105 2076 215 2153 (Quam
240 2097 306 2135 cum
321 2076 453 2138 Sabinus
477 2080 607 2156 sumpsit
627 2080 708 2152 clim,
726 2080 863 2157 Iuppiter

106 2163 187 2221 Tunc
210 2164 378 2238 inquinavit
400 2184 470 2221 aere
493 2173 612 2242 tempus
633 2168 770 2242 aureum)

104 2247 173 2321 Vos,
195 2249 380 2324 caeterique,
405 2250 455 2325 qui
475 2249 659 2327 voluptatem
680 2251 803 2310 auribus

105 2332 169 2391 Huc
188 2343 371 2410 aucupatum
395 2337 625 2394 concucurristis
648 2336 750 2407 domo,

106 2420 201 2477 Abite.
236 2419 326 2477 abite.
373 2419 438 2476 Iam
459 2428 506 2478 sat
529 2428 585 2492 est,
606 2420 674 2476 vici.
719 2420 800 2495 Quia

105 2502 190 2562 Vinci
211 2511 342 2576 veretur,
362 2513 411 2562 sat
433 2503 564 2565 Sabinus
589 2505 685 2562 victus
706 2513 761 2562 est.

106 2590 204 2661 abite,
228 2589 297 2647 vici.
340 2586 402 2649 Sed
424 2608 522 2646 meam
543 2589 700 2647 victoriam

105 2673 169 2732 Non
190 2681 333 2732 aeneator
353 2674 541 2751 praedicabit
565 2675 722 2747 Isthmius,

105 2758 170 2817 Non
192 2759 348 2817 laureatae
372 2760 557 2817 nunciabant
575 2760 691 2818 literae.

104 2843 170 2905 Non
190 2864 239 2901 me
263 2846 431 2902 trahentem
453 2844 560 2902 aulaea
578 2846 730 2922 palmatae
749 2854 848 2922 togae,

104 2929 239 3006 Visoque
262 2931 379 3004 equinis
404 2938 499 2991 strata
518 2929 711 3006 plaudentem
733 2930 852 3008 ungulis

103 3015 185 3073 Ebur
207 3014 310 3071 curule
333 3016 420 3074 sistet
440 3016 471 3072 in
495 3015 572 3073 clivo
592 3016 687 3087 Iovis,

103 3100 168 3158 Iovi
187 3100 329 3158 Faliscae
353 3100 520 3158 debitorem
540 3101 689 3158 victimae.

103 3184 171 3243 Non
192 3186 355 3244 bracteatis
374 3185 531 3244 ventilabit
550 3185 691 3243 laudibus

103 3268 193 3346 Volgi
216 3271 356 3347 sequacis
379 3270 501 3343 clamor,
524 3278 576 3327 aut
598 3270 759 3345 Quiritium

103 3353 206 3413 Paean
227 3374 363 3415 canorus.
387 3376 449 3413 non
470 3355 574 3414 iocosa
594 3355 741 3413 montium

104 3439 208 3518 Imago
232 3440 322 3499 claris
344 3441 480 3498 intonata
501 3440 658 3517 plausibus

104 3523 236 3586 Victoris
259 3545 348 3584 aures
370 3525 548 3601 personabit
567 3525 670 3602 gloria.

104 3608 229 3670 Plebeia
248 3610 342 3687 pulpa
364 3611 465 3668 ductet
486 3612 561 3668 haec
582 3610 748 3683 famelicos,

773 3705 818 3764 2.
