2604 4210
679 350 742 411 390

255 518 375 582 Sistens
398 522 565 581 obscoenas
588 521 706 598 speeies
731 519 847 580 crucias
869 521 1048 579 animorum.

254 690 296 749 39
343 689 452 749 Cereris
467 693 569 771 matria
578 691 788 750 Eleusiniaasia
802 691 941 765 suffimen,
954 699 1081 749 staraca.

253 775 345 835 Alma
364 773 457 836 Ceres
478 782 576 834 mater
595 774 719 847 Divum,
742 774 939 833 celeberrima
961 774 1033 848 Dia,

254 859 376 935 Rumia,
399 868 506 919 sancta
524 860 629 934 Pales,
657 860 740 937 copis
763 860 936 938 largissima
956 860 1040 933 victi,

255 946 369 1007 Omnia
390 945 478 1019 dans,
500 947 614 1023 fruges,
639 953 669 1003 et
687 963 773 1022 opes,
793 944 944 1018 Pomona,
967 942 1109 1023 Segesta,

255 1029 387 1091 Tantum
405 1030 623 1090 concelebrans
644 1047 762 1107 pacem,
786 1030 997 1107 agricolaeque
1018 1030 1157 1092 labores:

256 1114 396 1189 Semnus,
416 1116 591 1189 Accumula,
612 1114 754 1187 tritutrix,
776 1114 1040 1192 frugiparensque,

255 1199 342 1275 Quae
364 1208 510 1277 augustae
530 1200 662 1259 sacraria
681 1199 836 1259 Eleusinis
859 1199 1034 1260 dominaris.

256 1284 444 1358 Oiucunda,
466 1276 607 1363 benigue,
628 1284 784 1343 hominum
805 1285 1015 1361 placidissima
1035 1287 1151 1360 nutrix,

255 1368 340 1444 Quae
356 1369 441 1445 prior
459 1370 609 1447 agricolas
630 1369 748 1430 iunxsti
770 1372 825 1428 sub
847 1369 983 1447 plaustra
1002 1371 1133 1446 triones,

255 1454 412 1513 Illccebris
433 1455 535 1512 mitem
556 1454 698 1513 edulcans
719 1451 892 1513 mortalibu’
916 1455 1040 1514 victum:

254 1540 334 1600 Acri
351 1538 540 1621 adulescens,
562 1539 799 1616 Brumorumque
822 1540 947 1613 sodalis,
970 1541 1091 1600 honora

255 1625 587 1705 Lucia,'taedigerens,
608 1643 775 1685 messorum
798 1621 919 1683 falcibu'
942 1625 1089 1704 gaudens.

256 1709 396 1769 Tellumo
417 1718 460 1784 tu,
479 1718 571 1787 tuque
592 1710 732 1783 illustris,
753 1717 844 1785 tuque
866 1706 999 1770 omnibu’
1020 1712 1137 1785 ridens,

254 1795 436 1869 Proletario,
459 1815 565 1855 amans
586 1803 685 1868 natae,
707 1793 776 1853 Dea
795 1794 906 1853 Rumia
929 1796 1041 1869 nutrix,

256 1879 341 1953 Quae
363 1881 481 1958 biiuges
503 1881 608 1958 auriga
628 1881 738 1958 iugens
766 1879 805 1937 ad
825 1879 913 1939 frena
935 1878 1084 1954 colubrae,

255 1966 413 2025 Amlractu
434 1966 573 2024 circaneo
597 1983 671 2023 ovas
694 1972 815 2022 tusam
838 1965 907 2023 sola
926 1973 1041 2024 sancta.

255 2051 408 2127 Unigena,
425 2050 562 2121 etfama,
577 2058 667 2124 atque
680 2049 832 2108 hominum
852 2050 1070 2128 augustissima
1086 2068 1169 2124 cura,

257 2135 340 2211 Quoi
363 2142 436 2194 sunt.
455 2137 617 2211 omnigena
635 2142 665 2192 et
687 2135 759 2210 quoi
781 2134 1000 2212 frugiparentia
1021 2135 1111 2194 volta.

256 2219 337 2296 Ergo
361 2219 419 2277 huc
444 2219 644 2296 spicigerente
666 2237 849 2297 gravescens
871 2239 994 2278 munere
1010 2221 1167 2293 adesdum,

256 2304 420 2364 Adducens
440 2323 549 2382 pacem
573 2311 603 2363 et
624 2305 724 2382 legum
747 2305 911 2363 concordia
929 2306 1006 2379 iura,

218 2378 228 2395 ⁸
257 2389 428 2465 Fertileque
449 2391 523 2449 uber
545 2409 648 2467 opum,
674 2397 705 2447 et
721 2389 872 2466 pollentia
894 2390 975 2448 dona
998 2390 1117 2450 salutis.

258 2560 299 2619 40
409 2560 586 2634 Empaadac
598 2562 704 2617 matris
725 2559 866 2634 suffimen,
889 2569 1031 2618 aromata.

259 2634 462 2720 Omnipotens
482 2643 641 2721 Empanda
661 2662 784 2720 parens,
806 2642 1002 2702 celeberrima
1024 2642 1096 2717 Dia,

257 2731 355 2789 Mater
369 2726 627 2806 Goeligemimque
638 2727 749 2801 Dedin,
771 2735 801 2786 et
813 2729 980 2787 mortalium
991 2729 1168 2802 homonum,

258 2811 343 2887 Quae
366 2813 438 2872 olim
461 2830 565 2872 errans
589 2808 741 2872 desiderio
762 2814 882 2889 perfixa
900 2814 1008 2872 nitenti

259 2897 367 2960 Solate
386 2918 420 2958 es
442 2899 474 2956 in
492 2897 647 2958 Eleusinis
668 2897 781 2956 ieiunia
798 2898 889 2971 valle,

257 2984 359 3044 Furva
380 2984 486 3042 obiens
508 2982 714 3060 Proserpinae
736 2983 952 3059 omnipotentis
976 2988 1109 3057 Averna,

257 3069 332 3147 Ipsa
354 3070 458 3127 ducem
480 3067 640 3129 offendens
660 3087 769 3145 purum
790 3087 851 3127 non
873 3087 949 3145 pura
970 3068 1115 3144 puellum,

258 3153 441 3213 Narrantem
462 3152 572 3212 inferni
594 3153 746 3212 connubia
766 3152 881 3212 Diiovi’
902 3153 1008 3212 sancti.

206 3302 213 3311 ¹
259 3236 345 3312 Quae
371 3236 504 3298 Consum
523 3238 606 3314 paris
627 3238 687 3296 icta
707 3237 830 3296 humani
851 3237 976 3297 volnere
1002 3237 1125 3297 amoris.

259 3323 306 3382 Te
327 3324 451 3382 multum
471 3323 568 3382 vetita
585 3340 694 3400 precor
714 3323 905 3382 sanctissima
924 3328 1031 3395 mater,

258 3407 329 3467 Huc
349 3416 401 3468 tuo
422 3407 756 3467 adventare-laventem
779 3407 830 3466 dia
852 3399 990 3467 Camillo.
