2532 4216
460 340 611 436 —t-t—

90 507 151 567 Nec
170 510 271 569 Roma
291 509 409 568 Romae
431 527 571 587 compos,
594 511 650 570 sed
667 519 767 569 tamen
787 499 916 584 Roma(

91 591 147 654 Sed
163 594 260 653 Roma
279 613 356 669 quae
377 603 534 671 praestare
555 614 617 654 non
639 603 725 671 potes
744 596 884 669 Romam,

89 676 146 739 Sed
167 698 242 754 quae
263 679 377 738 foveris
399 679 515 751 fraude,
537 698 614 754 quae
636 680 720 739 foves
738 681 885 751 fraudem,

89 761 165 823 Urbs
183 764 328 841 prurienti
350 783 427 839 quae
448 764 612 823 obsoletior
632 774 742 837 scorto,

88 847 125 905 llt
143 850 271 908 obsoleti
289 868 371 907 more
390 850 528 926 pruriens
552 850 652 922 scorti,

90 930 169 1004 Quae
191 954 286 1011 paene
307 934 386 992 victa
407 933 492 991 faece
514 935 740 1010 prostitutarum

90 1016 131 1074 Te
157 1020 315 1095 prostituta
336 1018 434 1077 vincis
456 1028 486 1075 et
510 1027 593 1076 tuum
614 1020 695 1077 facta
716 1038 749 1078 es

90 1101 157 1160 Tibi
176 1104 301 1181 lupanar
321 1104 354 1162 in
376 1112 429 1161 tuo
446 1103 602 1179 lupanari:

90 1184 161 1245 Vale
181 1189 298 1264 pudoris
320 1189 392 1247 urbs
412 1187 512 1246 inanis
536 1196 566 1246 et
585 1189 670 1259 recti,

90 1270 145 1328 Tui
166 1275 290 1349 pudoris
311 1272 503 1347 nominisque
525 1273 689 1345 decoctrix‚

93 1354 197 1433 Turpis
218 1360 309 1418 litura
330 1378 389 1415 non
412 1358 590 1416 merentium
614 1377 724 1430 rerum,

93 1439 191 1501 Ocelle
212 1444 374 1519 quondam,
397 1461 478 1500 nunc
499 1443 609 1502 lacuna
629 1444 781 1514 fortunae,

92 1523 254 1604 Negotiosa
276 1536 373 1586 mater
394 1526 557 1586 otiosorum
564 1548 572 1599 ;

95 1608 167 1670 Vale
182 1614 323 1686 nefanda,
347 1620 555 1689 constuprata,
578 1620 727 1688 corrupta,

92 1693 205 1756 Incesta
222 1699 371 1757 caelibum
394 1695 555 1770 Quiritium
577 1715 722 1773 manceps

95 1776 313 1842 Contaminatat
334 1774 446 1859 quippe
468 1781 539 1857 quid
558 1789 628 1838 tuos
652 1782 743 1838 mirer

93 1862 195 1925 Putere
219 1888 333 1940 mores,
355 1867 474 1943 quando
496 1866 557 1923 vita
578 1865 765 1941 computret?

170 1979 195 2016 r.
212 1963 242 2013 P.
262 1962 403 2013 Columesii
422 1977 501 2027 opera
518 1977 545 2026 p.
563 1958 636 2026 bue]

153 2194 319 2274 tumult
342 2192 636 2273 llucffllsuttl
663 2192 737 2271 Sllll
760 2191 936 2271 llluctffl

426 2291 654 2371 blllllllllllll.

121 2465 144 2518 ί.
184 2466 220 2521 In
248 2463 385 2538 Aeschyli
408 2463 605 2520 Procnetbaum
631 2480 651 2517 a
674 2460 709 2528 Q.
739 2458 819 2534 Sept.
841 2460 978 2518 Floreate

217 2547 379 2606 dimaon
401 2547 509 2605 Latine
532 2563 697 2604 convenam
719 2544 870 2620 Prolopur.

99 2626 238 2691 Pacuvius
263 2651 333 2689 acer
355 2640 385 2689 et
404 2632 544 2690 Rudinus
566 2630 695 2701 Ennius,

100 2711 214 2790 Utrique
236 2736 368 2792 compar,
391 2717 456 2775 sive
478 2717 573 2774 maior
596 2715 711 2784 Attius3

98 2798 165 2873 Alii,
185 2810 320 2861 vetustas
343 2802 430 2860 docta
450 2803 478 2861 si
501 2819 575 2876 quos
595 2800 704 2857 extulit

100 2880 237 2960 Scaenae,
258 2887 387 2946 Latinas
408 2906 448 2944 ex
471 2887 561 2945 bonis
587 2884 715 2944 Graecis
738 2884 832 2942 bonas

100 2965 245 3048 Scripsere
268 2972 375 3049 grandi
397 2972 531 3030 oratione
551 2970 681 3029 fabulas.

100 3051 202 3114 Verum
220 3065 367 3116 venustas
391 3057 501 3131 omnis,
524 3056 621 3114 omnis
643 3054 741 3132 gratia

99 3136 298 3217 Grandiloqua
319 3142 452 3200 numeris
472 3141 572 3201 obsita
586 3138 754 3198 innumeris
770 3136 849 3212 perit

98 3225 189 3300 Atque
208 3226 382 3299 obsolescit,
405 3227 475 3283 dum
495 3225 634 3302 occupati
656 3224 689 3281 in
708 3223 798 3280 unica

99 3308 245 3370 Orationis
264 3321 363 3389 parte,
384 3330 529 3370 numeros
549 3310 714 3388 negligunt.

98 3391 202 3455 Contra
219 3397 333 3455 Poetae
356 3416 426 3456 sera
447 3415 521 3470 quos
544 3403 630 3454 aetas
653 3393 745 3463 dedit,

98 3478 204 3540 Omitto
224 3501 371 3557 quaerere
392 3501 430 3539 an
451 3478 579 3552 Poetae,
602 3500 641 3538 an
665 3477 784 3547 Musici,

97 3566 141 3624 An
163 3567 344 3626 Musioorum
363 3574 498 3642 strepera
517 3563 741 3624 mendicabula:
774 3622 776 3627 ,
