2502 4218
444 348 594 445 2³]-

62 510 150 576 Ἀλλ’
176 510 320 583 ἐξέπαισε
341 513 481 597 πορθμὶς·
494 515 594 579 ἐλατίν
640 514 752 619 πλάτη.

59 594 151 661 Ἀλλ’
177 595 241 661 ἔστι
259 596 353 682 κάμοὶ
372 600 455 668 κλεὶς
478 599 527 662 ἐπὶ
548 539 675 683 γλύσση
697 597 807 681 φυλαί.

61 678 153 745 Ἀλλ’
179 680 343 744 ἀντέπαισε
362 682 416 766 τὴν
441 683 494 746 ἐπ’
514 682 648 768 ἄγκυραν
671 682 753 751 θεὸς.

59 765 178 850 Ἂλλην
203 766 256 850 μὶν
283 766 497 850 ἐξαντλοῦμεν,
518 769 537 847 ἡ
561 767 589 832 δ’
613 765 775 850 ἐπεισρίει.

59 849 204 914 Ἀλλοισι
223 849 362 933 γλῶ[τ]τ’
388 850 509 915 ἄλλοισι
527 854 554 914 δ’
578 852 637 915 εἰσὶ
656 849 794 936 γύμφιοι.

59 932 188 999 Ἀλλων
208 935 320 1020 ἰατρῶν
349 936 441 1005 αὑτὸς
466 938 569 1001 ἕλκεσι
592 936 704 1023 βρύων.

58 1014 166 1082 Ἂλῶν
191 1020 223 1083 δὲ
247 1018 361 1105 φόρτος
381 1019 469 1085 ἕνδεν
491 1020 599 1106 ἦλθεν,
621 1018 684 1084 ἔνθ’
711 1017 779 1105 ἔβη.

62 1099 282 1176 Ἂλωπεκίζειν
306 1106 384 1190 πρδς
404 1105 511 1190 ἑτέραν
534 1106 693 1170 ἀλώπεκα.

58 1179 134 1271 Ἂμ’
159 1187 290 1273 ηλέηται
308 1190 360 1252 καὶ
381 1188 526 1275 τέθνηκεν
550 1192 569 1272 ἡ
616 1191 691 1272 άρις.

63 1268 298 1379 Ἂμαδέστερος
315 1273 492 1338 Φιλωνίδου
514 1279 570 1337 τοῦ
620 1273 756 1342 ελιτέως.

60 1347 166 1440 Ἂμας
186 1357 335 1441 ἀπητουν,
359 1359 389 1421 οἱ
411 1358 439 1420 δ’
461 1360 652 1443 ἀπηρνοῦντο
677 1359 806 1462 σκάφας.

62 1433 119 1504 Ἂν
142 1441 184 1525 μὴ
205 1448 292 1526 παρη
315 1441 402 1525 κρέα,
424 1449 469 1529 τῷ
489 1444 607 1528 ταρίχῳ
630 1464 799 1526 στερκτεον.

62 1517 119 1589 Ἂν
143 1524 246 1588 πολλὰ
290 1528 397 1610 ἄλλης,
420 1527 531 1591 ἄλλοτ’
555 1530 681 1591 ἀλλοῖον
703 1529 817 1613 βαλεῖς.

62 1601 121 1672 Ἂν
145 1610 226 1673 οἶνον
245 1634 266 1675 α
278 1616 330 1695 τη,
348 1612 517 1680 κονδύλους
534 1608 625 1676 ἀὀτ”
667 1613 744 1675 ίδου.
858 1642 864 1651 ·

66 1685 193 1780 Ἂνδρες
213 1695 271 1779 γὰρ
293 1696 367 1759 εἰσὶν
391 1697 423 1758 αἱ
445 1695 561 1770 πόλεις,
583 1638 640 1760 ούκ
660 1696 764 1759 οἰκίαι.

66 1770 192 1862 Ἂνδρτς
214 1783 422 1865 φιλομεμφεῖς
445 1783 489 1849 εἰς
510 1781 612 1865 φιλίαν
638 1780 696 1843 οὐκ
717 1778 852 1860 εὐφυεῖς.

70 1858 197 1948 Ἂνδρδς
213 1864 359 1950 γέροντος
378 1865 509 1950 ἀσταφὶς
527 1867 561 1928 τὸ
584 1865 717 1947 κρανίον.

65 1943 196 2032 Ἂνδρδς
214 1949 359 2033 γύρυντος
382 1950 414 2011 αἱ
433 1951 542 2032 γνσίδυι
566 1949 725 2035 βακτηρία.

71 2027 196 2117 Ἂνδρδς
217 2032 361 2117 γέροντος
383 2034 414 2096 οἱ
437 2034 529 2117 μύλοι
551 2035 711 2120 βακτηρία.

70 2110 196 2204 Ἂνδρδς
216 2117 361 2203 γέροντος
381 2120 421 2201 μή
443 2118 516 2181 ποτ’
540 2122 583 2188 εἰς
604 2119 702 2202 πυγὴν
726 2119 810 2201 ύρᾷν.

72 2195 197 2287 Ἂνδρδς
217 2207 321 2270 κακῶς
341 2203 532 2287 πράσσοντος
555 2204 695 2267 ἐκποδὼν
721 2203 815 2285 φιλοι.

73 2281 198 2373 Ἂνδρδς
220 2287 379 2373 χαρακτὴρ
401 2286 436 2350 ἐκ
459 2288 553 2370 λύγου
577 2288 766 2371 γνωρίζεται.

69 2365 162 2458 Ἂνὴρ
184 2371 321 2456 ἄβουλος
340 2373 384 2439 εἰς
402 2374 489 2436 κενὸν
514 2373 631 2457 μοχδεῖ
649 2370 778 2455 τρέχων.

73 2450 164 2542 Ἂνηρ
187 2456 317 2540 ἀθυμίαν
337 2456 374 2519 οδ
397 2456 543 2541 τρόπαιον
567 2458 717 2539 στήσεται.

73 2535 164 2625 Ἀνὴρ
189 2541 224 2604 δὲ
248 2539 371 2624 φεύγων
395 2541 446 2604 καὶ
468 2542 559 2604 ποίλιν
583 2540 766 2625 μαχήσεται.

72 2620 162 2709 Ἀνὴρ
187 2626 222 2689 δὲ
245 2622 368 2709 φεύγων
390 2626 427 2689 οὐ
453 2625 538 2709 μένει
559 2625 654 2708 λύρας
675 2625 797 2688 κτύπον.

74 2702 165 2795 Ἂνὴρ
188 2709 288 2774 ἔοικεν
311 2709 454 2773 ἱκετεύειν
473 2714 548 2779 ναῦς
566 2709 689 2794 πέτραν.

75 2787 268 2880 Ἂνήρπακας
290 2793 482 2864 ἁπαξάπαντ’
509 2794 595 2881 αύτῷ
614 2800 709 2879 κακῷ.

70 2875 250 2965 Ἂνδρωπυς
272 2879 416 2963 ἀποφρὰς
437 2880 493 2943 καί
510 2878 612 2943 πνέων
635 2878 785 2943 ἀπιστίαν.

72 2958 251 3050 Ἀνθρωπος
274 2963 377 3031 οὐδεὶς
396 2964 481 3048 ὑγιὴς
500 2966 638 3049 πράττων
660 2968 773 3031 κακῶς.

72 3041 295 3131 Ἀνουδέτητος
315 3048 413 3111 παῖδα
435 3051 580 3113 νουθετεῖ
599 3050 710 3132 πατήρ.

70 3125 175 3202 Ἂσπις
196 3132 269 3217 πάρ’
294 3132 417 3217 ἐχίδνης
437 3136 600 3218 φάρμακον
623 3132 802 3202 δανείζεται.

74 3212 143 3280 Ἀπ’
164 3217 252 3288 ἀξίου
278 3216 370 3287 ξύλου
393 3217 428 3281 ἀν
453 3217 647 3302 ἀπάγξασθαι
668 3216 780 3300 χρεών.
924 3254 927 3261 ,

70 3290 204 3367 Ἂπανδ’
229 3302 246 3365 ὃ
270 3302 359 3384 λιμδς
379 3301 506 3384 γλυκέα,
526 3302 606 3386 πλὴν
631 3300 746 3379 αὑτοῦ,·
761 3302 854 3361 ποιεῖ.
971 3362 974 3367 4

70 3376 202 3451 ‘Anava’
224 3387 332 3470 ύμοῖα,
353 3387 405 3450 καὶ
423 3383 614 3470 Ῥοδῶπιςη
638 3385 728 3466 καλή.

70 3460 207 3537 Ἂπαντα
225 3472 283 3555 γοίρ
306 3493 355 3534 τοι
379 3471 483 3556 βρωτὰ
501 3468 787 3556 πολιορκουμένοις.

71 3545 207 3623 Ἂπαντα
225 3557 285 3639 γάρ
307 3577 356 3618 τοι
377 3562 422 3640 τῷ
445 3553 634 3653 φοβουμένη)
658 3558 765 3639 ψοφεῖ.
