2532 4216
527 343 569 416 rt

92 523 160 584 Nos
175 525 293 602 patriae
313 524 428 583 utilitas
451 544 549 585 anuos
572 545 731 584 numerare
754 528 886 587 vetabat.

94 610 161 686 Quo
178 609 352 687 properas?
372 628 435 683 cur,
458 630 535 686 quae
555 611 656 670 valide
678 611 806 672 defensa
828 613 939 673 dedisti

94 694 223 772 Oppida,
246 713 322 770 quas
344 694 433 754 toties
456 696 597 768 servasti,
618 696 735 755 deseris
757 698 865 757 arces?

91 781 213 856 Aspice,
235 779 368 837 luctifico
388 780 554 840 miscentur
566 789 607 839 ut
629 782 733 840 omnia
750 782 883 857 planetu,

93 865 199 925 Omnis
215 873 253 923 ut
275 884 331 924 ora
350 883 439 924 suum
459 866 611 926 desideret
632 868 707 925 orba
728 875 913 943 parentem<

91 949 283 1008 Heucur'te
305 950 387 1008 vitiis
408 952 476 1009 aevi
495 951 668 1027 praesentis
689 952 824 1026 iniquum

18 1068 21 1075 Δ
93 1034 183 1094 Ocior
204 1054 280 1093 aura
299 1033 390 1093 tulit?
410 1034 483 1094 Non
505 1044 534 1093 te
558 1036 700 1112 preciosa
721 1045 877 1095 morantur

91 1118 233 1197 Pignora,
256 1127 449 1196 praestantes
471 1120 551 1179 lecta
570 1139 637 1178 cum
657 1122 785 1198 coniuge
807 1123 891 1182 uati?

91 1203 162 1262 Non
179 1204 329 1281 inculpati
351 1206 506 1265 convictus
530 1214 655 1265 strenua
675 1209 820 1279 membra,

93 1287 266 1350 Castrorum
287 1291 424 1362 comites,
449 1310 504 1367 per
526 1299 573 1349 tot
597 1290 772 1350 discrimina
792 1311 894 1366 saeva,

90 1373 248 1434 Indeserta
268 1382 337 1435 tuac
356 1375 497 1433 fortunae
519 1377 607 1453 signa
628 1376 744 1434 secuti?

91 1461 147 1518 Ast
165 1479 235 1537 ego,
257 1478 347 1534 quem
368 1479 510 1537 suprema
528 1462 598 1519 terit
613 1461 674 1517 iam
696 1462 779 1518 calce
797 1470 949 1537 senectus,

92 1543 169 1618 Quid
190 1543 311 1604 steriles
331 1564 442 1618 annos,
463 1546 535 1620 quid
555 1546 662 1604 inutile
684 1546 826 1604 demoror
848 1566 967 1622 aevum,

92 1627 125 1688 Si
146 1649 243 1708 genus
265 1629 385 1689 Heroas
408 1630 493 1689 nullo
515 1631 688 1707 superabile
708 1631 792 1689 bello

90 1714 225 1787 Morbus,
249 1722 280 1772 et
298 1715 440 1791 ancipitis
460 1716 542 1792 rapit
561 1714 756 1773 inclementia
774 1715 850 1773 fati?

93 1798 118 1858 Ο
137 1800 246 1877 patria,
273 1820 292 1857 o
314 1801 418 1877 magni
438 1800 623 1858 dominatrix
645 1798 747 1858 Gallia
766 1799 862 1877 regni,

91 1880 211 1960 Siquis
234 1904 321 1942 amor
340 1885 406 1942 veri
426 1892 483 1957 est,
504 1885 531 1943 si
551 1892 581 1943 te
606 1893 658 1942 tua
677 1884 802 1943 vulnera
824 1892 961 1963 tangunt,

90 1967 173 2027 Pelle
194 1969 286 2028 situm
308 1970 402 2029 senii:
424 1970 537 2028 nubem
558 1969 690 2028 eluctare
710 1970 828 2028 veterni

91 2055 223 2130 Antiqui,
243 2074 436 2131 mersumque
461 2056 546 2132 gravi
565 2063 657 2131 caput
676 2073 768 2117 exere
788 2074 909 2115 somno.

93 2141 131 2197 At
148 2140 280 2198 nondum
303 2140 417 2211 clades,
437 2140 572 2197 nondum
592 2148 645 2197 tua
666 2142 775 2197 funera
798 2141 917 2199 sentis?

90 2222 239 2287 Paulatim
263 2226 428 2300 floremque
450 2224 570 2297 dueum,
594 2226 725 2300 bellique
748 2225 904 2285 ministros

91 2307 244 2386 Carperis.
266 2310 324 2368 hos
341 2311 466 2368 morbus
480 2311 570 2386 rapit,
590 2311 647 2369 hos
661 2312 743 2368 Mars
763 2311 875 2386 impius
888 2310 1001 2368 hausit.

90 2392 193 2453 Funde
214 2405 267 2453 tuo
289 2395 430 2454 lacrimas
452 2413 624 2470 supremum
649 2412 757 2453 munus
781 2395 915 2451 alumno.

91 2476 154 2540 Stet
175 2479 319 2539 tumulus.
340 2481 487 2537 tumulum
508 2480 608 2557 signet
628 2479 825 2555 superaddita
849 2496 968 2539 caussa.

89 2562 178 2623 Hunc
198 2566 356 2637 tumulum,
379 2572 409 2623 et
429 2565 537 2622 tumuli
555 2564 674 2621 titulum
698 2583 754 2622 sua
767 2562 870 2623 Gallia
889 2571 979 2641 rapto
1020 2628 1022 2631 .

90 2647 285 2723 (lastanidae,
305 2669 364 2725 quo
389 2650 472 2707 mille
496 2651 587 2707 duces
611 2649 714 2708 amisit
735 2650 765 2706 in
789 2669 860 2708 unc.

240 2744 311 2794 Obiit
327 2759 395 2794 anuo
416 2743 489 2807 1595,
508 2745 551 2794 111
569 2744 628 2796 Kal.
646 2744 773 2797 VIIlbris.

162 2900 228 2957 Deo
247 2909 306 2974 opt.
330 2919 406 2959 mus.
428 2921 542 2960 sacrum
565 2910 593 2959 et
611 2905 762 2960 menariae
782 2911 923 2958 aeternae.
1013 2972 1017 2978 ἱ

129 2983 287 3043 Ludovico
318 2983 470 3045 Castaneo
498 2986 701 3044 Prulliacensi
728 2993 758 3043 et
787 2982 1001 3042 Malavalleusi

88 3069 207 3141 baroni,
222 3066 322 3127 (lastri
332 3070 446 3130 Posaei
455 3071 560 3130 TufolI
574 3078 604 3129 et
614 3073 736 3129 Abenm
748 3067 1001 3140 domiuo,utrius'·

87 3171 144 3228 que
165 3153 282 3213 ordinis
302 3155 394 3230 equiti
417 3163 563 3229 torquato,
582 3156 667 3233 regio
685 3155 765 3211 intra
785 3172 903 3213 sacrum
925 3150 1001 3211 Gal·

86 3237 195 3297 liarum
232 3238 447 3299 consistorium
479 3240 667 3313 consiliario,
702 3247 818 3297 turmae
849 3238 1000 3314 quinqua-

86 3324 171 3402 ginta
200 3324 334 3398 equitum
358 3326 619 3403 cataphractorum
644 3324 811 3401 praefecto,
843 3323 1002 3398 utriusque

85 3407 191 3467 limitis
224 3408 421 3469 Lemovicani
448 3410 513 3468 vice
539 3412 624 3487 regia
643 3410 761 3482 rectori,
786 3408 924 3485 aprime
949 3427 1003 3466 ae-

86 3493 157 3553 tatis
180 3493 323 3554 tirocinio
345 3496 377 3554 in
400 3495 517 3553 actibus
537 3495 667 3572 publicis
686 3512 721 3552 ac
739 3494 859 3555 bellicis
879 3500 1002 3553 strenue

88 3597 122 3639 ac
139 3578 274 3637 fideliter
296 3588 430 3656 versato,
447 3579 550 3640 multis
567 3579 772 3657 legationibus
790 3599 846 3656 pro
860 3579 1003 3639 christia·
