2586 4214
631 352 780 451 —Q

260 527 356 586 Viros
375 523 485 583 hiantis
509 525 540 582 in
564 524 623 583 soli
643 525 798 602 voragine,

263 610 442 688 Sepulcrum
463 616 494 668 et
512 610 589 686 ipsis
611 609 795 685 insepultum
819 608 933 666 Daunii
1041 673 1046 682 ,

263 695 404 757 Statueut
425 713 533 753 acervo
554 695 735 759 fornicatum
758 712 863 766 saxeo,

186 778 254 834 1065
264 781 390 839 Terram
414 779 576 839 offerentes
599 798 687 854 quarn
709 779 853 838 volebant
872 796 1002 850 sumere,
1095 792 1099 805 ·

264 865 473 925 Cerebriscrbi
491 865 546 922 filii
567 865 634 940 apri
656 863 766 923 bellici.

265 949 326 1012 Sed
348 951 478 1009 filiorum
498 949 729 1009 Nauboleorum
743 955 853 1024 ⁴petent

263 1034 384 1095 Nautae
404 1035 595 1107 Temessam,
618 1053 678 1111 qua
697 1035 823 1111 iugosus
844 1033 1009 1109 Lampetes

264 1120 387 1180 Illustrc
409 1138 503 1179 cornu
523 1120 643 1178 verticis
663 1118 813 1195 Hippcuii

187 1207 255 1261 1070
266 1204 338 1265 Salo
359 1204 500 1263 tetendit:
526 1223 642 1282 proque
664 1203 788 1264 Orissae
806 1203 917 1262 finibus

264 1290 470 1350 Crotoniaten
492 1298 668 1365 portuosum
690 1288 845 1366 pulverem

263 1375 428 1433 Taurorum
452 1376 581 1432 arabunt
602 1374 709 1432 ferreis
732 1372 913 1444 dentalibus,

263 1460 398 1518 Patriam
421 1459 548 1518 Lilaean
572 1468 601 1515 et
623 1463 811 1518 Anemoreae
833 1458 910 1530 sola,

262 1546 449 1622 Amphissan
470 1553 500 1602 et
514 1544 722 1603 desiderantes
744 1553 832 1618 atque
853 1545 946 1602 Abas.

187 1634 254 1689 1075
265 1629 377 1691 Setaea
399 1631 521 1702 misera,
543 1629 661 1706 rupium
683 1638 713 1687 te
730 1648 803 1686 crux
825 1637 937 1700 manet,

263 1716 324 1776 Ubi
347 1715 488 1774 numellis
511 1714 734 1773 membrivincis
755 1713 862 1772 ferreis

263 1801 386 1860 Misella
405 1800 507 1876 passis
528 1798 849 1876 compedita-brachiis
881 1824 884 1828 Δ

264 1887 396 1945 Moriere
417 1885 529 1942 heriles
551 1903 626 1942 ausa
647 1886 764 1943 classes
784 1902 880 1954 urere,

263 1971 312 2030 Ad
332 1970 457 2030 Crathin
480 1970 613 2027 eiulaute
635 1977 744 2045 questu
765 1967 914 2027 voltarum

187 2062 255 2116 1080
265 2055 388 2131 Rapina
407 2054 554 2130 pendens,
578 2055 715 2112 oscinum
734 2053 905 2112 voracium:

265 2139 347 2215 Quin
370 2138 536 2208 sortisyille
554 2157 643 2197 mons
668 2146 738 2197 tuae
759 2138 949 2214 cognominis

220 2240 223 2243 ·
263 2224 356 2282 Ponti
375 2223 517 2301 procellis
538 2223 711 2295 imminens,
735 2222 901 2282 vocabitur.

247 2309 382 2367 'Tamen
404 2308 530 2385 Pelasgi
552 2309 590 2366 ad
611 2309 674 2366 alta
696 2307 867 2366 Membletis
892 2307 980 2380 vada,

265 2392 442 2469 Quicunque
463 2392 605 2452 Corsicae
627 2394 809 2470 appulerunt
827 2393 957 2464 insulae,

188 2485 255 2539 1085
266 2479 513 2558 Tyrr[h]cnicum
533 2480 613 2549 ultra
636 2499 769 2537 murmur
790 2477 828 2534 ad
847 2477 1005 2536 Lametios
1044 2521 1049 2525 -

264 2566 389 2623 Lucana
407 2566 560 2623 habebunt
582 2565 715 2641 gurgites
736 2562 864 2620 novalia.

264 2650 341 2708 Illos
361 2650 467 2707 ruinae
490 2650 623 2724 duraque
641 2648 807 2707 infortunia

264 2736 397 2794 Maestos
417 2734 570 2792 habebunt
592 2754 654 2792 non
676 2734 824 2791 relaturos
845 2731 972 2807 pedem

263 2819 394 2895 Propter
412 2838 546 2876 mearum
569 2820 739 2894 nuptiarum
758 2818 816 2875 vim
841 2825 965 2874 trucem.

190 2910 258 2967 1090
266 2904 334 2963 Nec
355 2905 406 2979 qui
430 2912 557 2980 penates
579 2904 744 2979 gestientes
767 2909 839 2978 post
859 2909 974 2977 petent,

263 2988 460 3048 Vitulationis
479 2989 604 3066 pinguia
623 2988 788 3047 adolebunt
810 3005 906 3059 sacra,

266 3074 505 3134 Redhostientcs
528 3074 656 3150 gratiam
678 3072 830 3130 Lucretio.

265 3159 346 3218 Nam
367 3167 414 3218 tot
433 3158 529 3217 ruinis
552 3166 598 3216 tot
617 3158 706 3216 malis
728 3158 859 3227 Firmius,

265 3245 324 3303 Tot
345 3243 523 3302 Martiorum
545 3243 705 3319 coniugum
729 3242 865 3299 aedituas
886 3258 979 3298 nurus

145 3376 149 3379 -
189 3340 256 3394 1091
265 3329 357 3389 Dolis
379 3329 503 3401 rotabit,
523 3346 579 3386 nec
602 3328 689 3386 malis
711 3328 867 3403 navifrago

267 3412 411 3474 Cessabit
426 3413 541 3490 ignium
563 3414 716 3471 excubans
737 3411 876 3471 custodia

267 3499 316 3559 Ob
339 3498 422 3558 caesi
443 3498 557 3556 alumni
580 3496 654 3568 fata,
674 3498 761 3572 quern
785 3513 893 3573 cespes
917 3512 1024 3551 recens

265 3584 407 3643 Effossus
426 3585 458 3642 in
480 3583 588 3643 tellure
610 3583 802 3659 Methymnce
823 3587 914 3657 teget.
