2532 4216
581 345 735 405 ’74

262 508 423 570 Gallorum
442 513 559 572 furiana
582 515 703 573 animos
725 513 867 572 civilibus
886 514 941 572 iris

261 596 361 673 Impia
379 598 554 673 Tisiphone.
575 599 685 658 Flebat
704 598 866 658 Provincia
885 598 971 672 sola,

259 680 353 740 Nuda
375 691 499 761 regente
519 703 584 745 sno.
608 685 719 761 qualis,
740 683 958 742 bacchantibus
982 683 1083 755 Euris,

260 767 416 828 Fluctibus
438 770 470 826 in
486 769 596 828 mediis
619 771 734 829 amisso
757 770 867 845 cymba
887 769 1047 845 magistro.
1072 768 1075 775 ’

262 850 379 911 Cuncta
399 855 598 912 coruscabant
617 854 736 930 trepida
753 852 912 913 formidine
934 853 1050 926 mortis,

261 936 387 996 Pictone
406 938 434 998 si
455 940 581 1015 sonipes
600 941 739 998 flammas
760 939 907 997 miscente
928 940 1068 1011 cucurrit,

260 1023 319 1080 Vel
342 1024 466 1100 quotiesw
482 1025 567 1082 acies
587 1023 682 1103 longe·
701 1024 880 1100 comparuit.
904 1022 1011 1082 Hostis
1076 1041 1078 1051 ⁴

260 1108 359 1166 Extra
382 1110 486 1166 urbem
510 1110 690 1167 manifestus
715 1118 789 1181 erat,
809 1115 971 1184 suspectus
994 1108 1026 1166 in
1048 1109 1131 1167 urhe.

260 1192 361 1268 thue
384 1194 608 1270 Therapnaeae
623 1194 745 1266 fratres,
770 1192 906 1269 optabile
928 1192 1023 1266 sidus,

261 1278 385 1336 Auxilio
406 1278 570 1354 implorant
592 1279 733 1354 deprensi
755 1279 874 1336 turbine
894 1276 1032 1336 Nautaca

262 1360 314 1422 Sic
336 1369 364 1418 te
386 1363 550 1438 suspirant
564 1364 658 1422 fessis
679 1362 788 1421 solatia
807 1364 900 1421 rebus

260 1446 406 1505 Laterum
427 1449 523 1508 cives.
542 1447 651 1522 Neque
675 1456 734 1521 sat,
756 1458 784 1505 te
806 1465 936 1524 poscere
956 1448 1047 1507 votis.

260 1531 405 1590 Pasceris
429 1540 460 1589 et
483 1534 634 1609 precibus.
659 1533 806 1591 Precibus
826 1533 895 1590 Rex
915 1533 1034 1591 annuit:
1052 1541 1086 1590 et
1103 1551 1174 1599 mox

262 1617 394 1694 Optatus
414 1618 526 1676 Rector
545 1637 645 1677 rerum
669 1618 807 1677 succedis
832 1617 970 1675 habenis.

260 1702 336 1778 Ipsa
355 1702 475 1777 quidem
498 1704 587 1762 uiridi
610 1703 768 1762 iuvenales
788 1703 890 1761 indole
915 1702 1015 1760 vultus

260 1789 375 1845 Mutato
400 1788 477 1846 felix
497 1790 619 1847 novitas
640 1789 846 1847 moderamine
869 1787 1010 1863 sumpsit.

260 1875 302 1931 nt
321 1873 377 1930 tibi
396 1873 481 1941 nulla
503 1875 600 1948 quies,
624 1873 809 1931 necblando
830 1872 948 1929 lumina
967 1890 1077 1930 somno

260 1956 424 2015 Declinare
440 1958 537 2017 datur.
560 1956 681 2016 Coniux
703 1976 722 2013 a
744 1968 845 2014 mente
865 1964 984 2015 remota

259 2042 384 2113 Exulat,
405 2048 434 2098 ct
455 2041 572 2114 dulces,
593 2042 752 2100 carissima
773 2042 909 2114 nomina,
929 2042 1001 2101 nati.

260 2125 389 2184 Publica
410 2127 547 2201 privatos
570 2127 696 2187 affectus
711 2145 794 2184 *cura
816 2127 946 2203 repellit.

260 2211 348 2271 Unus
372 2229 465 2283 amor,
487 2211 603 2269 nullum
623 2212 739 2287 patriae
762 2228 954 2288 praeponere
975 2228 1123 2284 amorem,
1148 2238 1151 2245 ·

259 2294 328 2355 Neo
350 2309 406 2355 sua
424 2296 574 2354 communi
593 2297 760 2355 subducere
782 2298 917 2355 membra
936 2296 1052 2353 ruinae.
1113 2340 1116 2347 .

252 2381 362 2442 'Unum
379 2382 438 2438 hoc
448 2382 635 2457 propositum
649 2389 709 2441 est:
732 2382 782 2439 hic
797 2382 890 2451 menti
900 2381 1046 2439 terminus
1060 2382 1174 2440 haeret.

259 2468 323 2525 Vix
342 2466 497 2526 admissus
518 2486 585 2526 eras
601 2467 738 2544 trepidae
761 2467 799 2524 ad
819 2466 1029 2525 moderamina
1046 2474 1158 2539 terrae,

260 2552 411 2628 Frugibus
434 2553 563 2611 infestas
578 2553 741 2629 populator
761 2553 848 2611 Picto
869 2552 1011 2609 cohortes

259 2636 388 2695 Parcius
410 2637 546 2694 immittit
564 2640 693 2714 campis:
715 2657 826 2712 neque,
849 2644 969 2694 utente
991 2636 1121 2709 solebat,
1182 2626 1185 2635 ¹

261 2719 464 2797 Cornipedum
486 2722 599 2781 crebris
627 2723 792 2782 assultibus
816 2740 890 2779 arva
909 2721 1028 2798 fatigat,

261 2803 432 2882 Sparsurus
453 2808 573 2882 pavidis
593 2808 735 2869 incendia
759 2807 825 2864 dira
847 2806 970 2865 colonis.

260 2890 300 2950 Et
321 2892 380 2963 vel,
407 2892 434 2949 si
456 2911 516 2968 qua
538 2894 622 2951 foras
647 2892 774 2951 audacia
796 2891 943 2967 provehit,
964 2889 1048 2948 hosti

259 2976 451 3052 Improvisus
474 2979 572 3049 adest,
594 2978 643 3036 vel
666 2979 704 3035 ab
726 2977 809 3048 omni
830 2984 921 3052 parte
939 2975 1102 3033 timendus

261 3059 443 3121 Castanides
467 3065 581 3123 absens
602 3063 713 3121 animis
733 3069 898 3137 suspectus
916 3061 1064 3133 inhaeret,

259 3146 474 3224 Increpuitqne
494 3156 617 3219 metum,
642 3147 711 3206 sola
732 3146 895 3204 formidine
917 3146 1021 3204 victor.

207 3300 209 3306 ,
260 3230 345 3305 Quae
365 3231 541 3308 Gardampa
559 3226 627 3289 tuas
649 3239 832 3309 praetexunt
852 3231 967 3309 oppida
986 3229 1082 3305 ripas,

259 3316 299 3375 Et
320 3337 397 3393 quae
420 3316 516 3376 Crosa
536 3324 616 3388 tuas,
639 3317 771 3375 dominis
795 3317 908 3374 servire
929 3322 1037 3377 coactu

260 3400 423 3474 Hostibus,
446 3401 552 3460 hostili
573 3421 653 3459 nunc
674 3411 744 3460 sunt
762 3409 921 3478 praetenta
942 3399 1047 3458 furori

259 3485 327 3545 Nec
346 3494 418 3545 vota
438 3485 598 3563 agricolae,
619 3505 676 3544 nec
696 3505 769 3564 spes
788 3485 942 3562 intercipit
960 3485 1033 3543 anni

259 3571 318 3630 Vel
333 3571 429 3629 libata
449 3568 554 3644 Ceres,
576 3571 627 3629 vel
647 3574 772 3632 abactus
796 3570 891 3628 cultor
913 3570 1014 3648 agelli.
