2560 4216
524 354 675 452 —203—

187 520 289 584 οὐκέτι
315 520 563 605 ἱλαμένηήγεῖτον
586 519 721 604 ἐσήλαθ’
748 521 831 605 όδωρ

146 606 250 689 πείρην
272 606 482 688 δειμαίνουσα.
507 605 543 669 τά
564 604 593 669 δ’
619 607 715 670 ῦδατα
737 629 784 688 μιν
808 605 981 689 κατέλεγίε.

187 689 306 773 στίλβεν
329 690 386 772 γὰρ
409 691 460 753 καὶ
483 691 677 775 όληκόμαυι
699 689 902 774 κρυπτομένη.

145 773 233 857 λείρι’
251 773 289 836 ’έν
313 774 449 842 ὑαλινοῖς
465 776 651 858 διακρίνεται
666 774 786 857 ἄγγεσιν
809 774 902 850 οῦτω,

180 857 376 941 ,κρόσταλλος
397 882 429 921 τε
447 859 557 923 λαθεῖν
580 859 636 924 οὐκ
660 860 718 942 ἐάηι
737 858 775 921 τὰ
796 858 883 943 ῥόδα.
949 882 951 887 ’

145 943 247 1011 εἰσδὺς
267 943 328 1024 ἐγὼ
351 944 384 1005 τὸ
407 945 532 1027 λοετρδν
553 942 754 1026 ἀναινομένην
778 943 920 1027 ἐφιλησα.

186 1032 240 1089 τοῦ
265 1028 300 1090 δὲ
321 1026 416 1090 πλέον
438 1031 553 1112 τολμηῖν
577 1028 656 1114 εἶρξε
680 1027 802 1109 διαυγὲς
825 1027 919 1109 ῦδωρ.

148 1199 232 1271 1,62.
254 1154 407 1280 Στόφρων,
431 1195 506 1260 οὐδὲ
522 1199 618 1260 πάλαι
633 1201 758 1280 σεμναῖς
771 1195 899 1259 είκουσα
914 1194 1060 1279 Σαβίναις

186 1280 327 1364 Λαιβίνη,
350 1286 503 1365 στρυφνοῦ
526 1281 554 1344 τ’
578 1283 689 1365 ἀνδρὸς
711 1279 921 1365 ἀτεγκτοτέρη,

146 1364 521 1516 συχνῖχῖεΛοὲἶὲόιλ-ἶτῖ
537 1364 865 1514 ’όλίἶθῖίξλὸῦσθ

140 1472 236 1618 Έείθοόί
251 1471 344 1616 έριόλλ
366 1534 460 1616 δάμη,
483 1534 533 1597 τόν
556 1536 585 1597 τ’
608 1532 705 1619 ἄνδρα
725 1473 869 1607 λιλοῦηάα,
890 1532 951 1618 νέῳ
972 1532 1027 1615 μὲν

187 1617 310 1693 ἕσπετο,
333 1615 499 1701 Πηνελόπη
520 1617 551 1680 δ’
576 1619 683 1703 ἦλθεν,
702 1617 820 1700 ἀπῆλθ’
837 1615 961 1701 Ἑλένη.

92 1828 95 1835 »
149 1788 253 1862 12,52.
279 1784 430 1869 στέμμασι
450 1785 583 1870 Πιερίοις
606 1786 727 1855 εἰωθὼς
744 1789 840 1870 κρᾶτα
859 1787 1015 1861 πυκάζειν,

185 1872 206 1954 ἡ
225 1871 372 1938 πελάταις
392 1872 510 1953 γνωστὴ
533 1873 659 1952 γλῶσσα
682 1869 893 1954 διωκομένοις,

147 1959 246 2022 κεῖνος
266 1955 282 2017 ό
302 1951 517 2038 σδςῬοῦφος,
541 1954 736 2038 Σεμπρωνία,
760 1955 872 2017 ἐνθάδε
893 1958 1000 2030 κεῖται,

189 2037 224 2101 οῦ
246 2039 296 2101 καλ
316 2034 356 2100 πυ
380 2044 486 2101 ουῦται
506 2041 640 2124 λείψανα
665 2044 729 2102 σεῖο
752 2038 853 2123 πόθῳ.

145 2124 271 2207 τερπνὸς
291 2123 322 2185 ἐν
341 2061 480 2209 >ίθλυσίιμ
498 2125 598 2208 πεδίῳ
620 2123 810 2207 θρυλλισμδς
832 2123 965 2191 ἀκούεις.

188 2212 243 2271 σοῦ
264 2230 296 2270 τε
317 2209 392 2289 πρὸς
415 2208 574 2291 ἁρπαγμὸν
599 2205 935 2291 Τυνδαρὶςέξεπλάγη.

146 2290 257 2355 νόστου
282 2291 308 2354 δ’
334 2291 490 2375 ἐμνήσθης
514 2294 622 2356 αὺτὸν
647 2295 827 2376 ἁρπακτῆρα
847 2294 989 2354 λιποῦσα.

187 2378 207 2459 ἡ
235 2375 266 2439 δ’
288 2376 348 2460 οὐχ
369 2375 478 2439 ἕσπετο
501 2400 549 2459 μιν
570 2378 675 2459 τάνδρὶ
701 2374 930 2460 μετερχομένη).

143 2458 296 2541 Ἰλιακοδς
316 2460 435 2541 γελόων
460 2461 520 2525 ἀίει
541 2459 704 2528 Μενέλαος
727 2458 855 2543 ἔρωτας.

188 2547 239 2608 τδν
262 2544 291 2607 Φ
315 2544 361 2626 τόγ’
388 2545 540 2608 ἀθωόισαι
562 2544 591 2607 δ’
618 2545 739 2628 ἁρπαγὴ
765 2543 908 2626 ὑμετέρη.

147 2630 215 2692 ἀλλ’
242 2567 331 2693 ὁπότ)
355 2629 511 2714 εὐσεβέων
532 2631 567 2692 σὲ
591 2628 751 2699 δεδέίεται,
771 2627 864 2703 οἶκος,
894 2627 1016 2694 ἁπάσας

188 2714 312 2797 μέλλεις
334 2713 388 2782 τὰς
410 2714 512 2799 ψυχὰς
533 2714 614 2778 κεῖθι
636 2715 883 2798 παρευδοκιμεῖν.
949 2776 952 2782 Α

147 2795 329 2883 Περσεφόνη
350 2799 508 2881 πεφίληκ’,
531 2798 587 2861 οὐκ
610 2799 756 2882 ἀλλοτρίη
779 2820 838 2881 σφε
860 2795 1028 2881 βλέπουσα,

189 2884 355 2969 ἁρπακτός.
379 2883 426 2946 ὅδ’
451 2881 530 2968 έρως
551 2885 600 2946 σοὶ
622 2884 751 2967 φιλίωσε
770 2882 856 2946 θεάν.

148 3052 378 3129 14,175.τίπτε,
387 3051 470 3115 θεῶν
480 3054 618 3137 βασιλεῦ,
627 3048 930 3133 Δανάησ’ἐπροὶξατο
938 3046 1059 3131 μισθόν,

188 3142 242 3221 τῆς
264 3137 378 3220 Λήδας,
401 3134 474 3214 Ζεῦ,
502 3138 550 3199 σοὶ
575 3142 687 3222 προῖκα
709 3131 932 3221 χαριζομένηςς

149 3310 280 3383 11,180.
305 3308 437 3391 ὤφελες,
457 3303 619 3367 ἀθανάτων
633 3304 777 3388 γενέτωρ,
799 3302 831 3370 ἐς
843 3305 954 3386 ταῦρον
974 3301 1059 3384 ἀμεῖ-
1155 3340 1157 3345 »

188 3397 242 3476 τῆς
259 3390 338 3496 Ἰοῦς
358 3391 402 3458 εἰς
421 3391 494 3474 βοῦν
519 3392 570 3453 συί
589 3390 658 3452 ποτ’
684 3386 901 3475 ἀμειβομένης.
956 3385 1060 3470 [φθαι,

151 3563 281 3636 14,187.
302 3561 361 3644 ἥδε
381 3557 527 3642 νεηνιέων
547 3554 700 3640 πρωτίστη
729 3556 848 3627 ἔπαιξεν
874 3553 1000 3639 ἔρωτας.
