2560 4216
575 344 637 404 2⁷2

395 505 434 575 El
453 510 504 572 καὶ
527 509 684 594 τηλοτέρω
705 507 839 592 Μερόης.
969 511 1066 598 (qul)

152 599 201 658 To
221 598 293 656 licet
312 596 440 658 ulterius
460 599 587 657 Meroen
609 598 739 676 vestigia
757 598 849 675 figes:
1042 596 1058 647 '·

193 683 272 741 Illuc
291 682 450 761 pinnigero
470 692 574 742 vectus
596 687 710 742 Amore
731 683 820 741 ferar.

154 768 262 844 Tuque
282 776 372 844 petas
393 777 489 841 ortus,
508 787 586 843 quos
609 768 755 828 concolor
772 768 867 829 inficit
889 768 962 841 Eos,

193 852 367 912 Immodicis
388 854 493 929 spatiis
517 853 566 910 vel
586 854 681 930 pedes
703 872 799 928 usque
819 872 937 929 sequar.

151 936 220 997 Nec
240 938 341 997 minue
363 938 433 1012 hoc,
452 938 534 1013 quod
560 938 608 1010 do,
631 938 717 999 nobis
739 936 862 1014 placare
883 938 999 996 marino

194 1024 336 1082 Munere:
359 1041 490 1100 namque
514 1024 569 1082 tibi
591 1024 646 1081 hoc
665 1024 725 1081 fert
737 1022 852 1082 'Venus
871 1016 1045 1081 orta'mari:

152 1106 237 1182 Quae
257 1109 378 1181 abiecit,
400 1127 595 1184 quaecunque
616 1108 673 1166 fuit
694 1108 804 1166 fiducia
825 1108 956 1167 formae:

193 1197 294 1267 Atque
315 1194 415 1252 nitore
435 1201 486 1252 tuo
509 1193 560 1252 dat
581 1194 637 1252 tibi
658 1193 739 1252 victa
760 1212 878 1253 manus.

401 1355 593 1443 Ὀφθαλμοὶ,
616 1360 666 1423 τέο
692 1358 808 1444 μέχρις.
900 1424 902 1427 ,
970 1362 1066 1443 ζ(58)

151 1447 230 1524 Quis
251 1447 368 1520 modus,
392 1467 410 1504 o
434 1448 526 1521 oculi,
549 1449 678 1507 ducendi
699 1457 804 1507 nectar
824 1451 970 1526 Amorum

196 1531 272 1592 Cum
291 1533 409 1591 formae
430 1532 497 1593 sitis
524 1543 571 1593 eet
593 1535 675 1593 ebria
694 1535 770 1592 flore
792 1534 900 1592 mero?
926 1560 932 1569 ·

151 1618 200 1677 Ah
211 1617 321 1694 procul
332 1617 465 1694 aufugite
477 1618 547 1676 hinc
557 1627 700 1693 quantum
711 1625 793 1695 pote.
804 1616 930 1695 Cypridi
942 1626 1065 1679 sanctae

195 1702 375 1777 Tranquillo
396 1702 506 1761 faciam
528 1704 629 1763 sobria
650 1722 738 1763 sacra
756 1704 841 1760 mari.
963 1734 966 1737 ·

150 1787 206 1850 sin
223 1787 287 1845 illic
307 1788 390 1845 furor
408 1788 446 1861 is,
470 1789 497 1848 si
519 1807 567 1845 me
588 1788 670 1846 furor
690 1788 717 1846 is
741 1795 843 1844 manet
863 1787 937 1861 illic,

193 1872 380 1950 Perpetuam
399 1873 512 1931 madidi
532 1873 653 1933 fletibus
675 1880 739 1932 este
758 1871 847 1945 meis,

151 1958 313 2019 Solventes
335 1977 453 2034 poenas
473 1959 579 2016 merito
599 1979 654 2035 pro
675 1957 811 2031 crimine,
837 1957 959 2033 quando

195 2043 245 2105 Ob
264 2061 320 2101 vos
341 2044 371 2100 in
396 2050 511 2101 tantum
532 2045 679 2103 crevimus
697 2044 778 2121 ignis
799 2061 886 2120 opus.

418 2206 604 2292 Ἱππομένην
628 2209 790 2292 φιλέουσα.
970 2211 1065 2290 ζ(59)

140 2296 378 2374 ·Hipp0menem
394 2297 552 2356 ardebam:
568 2299 600 2356 in
612 2306 748 2356 tenerum
763 2315 850 2359 mens
864 2316 954 2357 versa
964 2297 1066 2355 Lean·
1096 2288 1099 2304 ’

811 2381 896 2438 drum
917 2390 973 2440 est.

194 2467 231 2524 ln
250 2465 345 2529 labris
368 2466 498 2525 haerens
516 2468 591 2538 fixa,
612 2466 763 2540 Leandro,
789 2466 861 2537 tuis,

152 2552 309 2611 Xanthum
321 2559 422 2608 mente
435 2571 518 2628 gero.
541 2551 697 2609 Xanthum
713 2551 874 2626 complexa
885 2548 1065 2624 fovensque,

194 2636 415 2712 Hippomencm
437 2635 541 2694 reduci
562 2634 683 2711 perdita
704 2636 794 2694 corde
815 2642 897 2711 peto.

152 2720 352 2781 Praesentem
372 2721 463 2799 fugio.
489 2719 541 2781 Sic
561 2720 744 2779 alternantia
766 2737 886 2796 semper

194 2809 295 2880 Atque
314 2806 407 2864 alium
430 2815 519 2882 atque
541 2804 633 2863 alium
655 2806 779 2881 brachia
799 2812 914 2865 nostra⁴
926 2805 1025 2863 virum

152 2889 256 2950 Ditem
267 2891 387 2950 inhiant
397 2892 557 2951 Venerem.
574 2888 660 2964 Quod
672 2892 699 2949 si
709 2909 770 2966 qua
781 2890 855 2948 mihi
865 2889 971 2948 obiicit
979 2885 1065 2960 illud,

194 2976 332 3035 Haereat
352 2978 428 3037 haec
451 2978 503 3034 uni
522 2995 640 3053 pauper
659 2976 813 3052 inopsque
837 2975 912 3034 viro.

475 3138 518 3204 Τὸ
543 3139 641 3222 στόμα
659 3143 733 3208 ταῖς.
970 3144 986 3211 ζ
996 3143 1067 3221 (60)

153 3230 200 3291 Os
223 3229 379 3290 Charitum
399 3229 563 3302 illecebris,
582 3237 614 3287 at
635 3229 767 3288 frontem
789 3229 915 3290 floribus
940 3248 1044 3289 ornas.

194 3317 356 3377 Exornant
376 3315 513 3375 Veneres
532 3314 659 3387 lumina,
682 3314 795 3389 plectra
817 3334 950 3374 manum.

153 3400 316 3461 Praedaris
338 3403 423 3462 visne
447 3400 556 3472 oculis,
576 3398 749 3459 accentibus
771 3419 876 3472 aures;

195 3486 331 3547 Venator
350 3487 476 3546 iuvenes
497 3503 570 3563 pars
591 3492 802 3560 quotacunque
821 3486 888 3544 tui?
