2560 4216
497 366 647 462 ..²33-

110 525 177 590 ΛΓ.
198 518 241 590 Εί
259 548 293 588 σε
315 526 349 589 τό
418 534 471 615 τῆς
496 536 550 615 σῆς
571 533 662 601 αίσκς
684 533 726 618 μὴ
747 537 872 619 πάμπαν
894 534 1029 620 ἀρέσκει,

200 606 298 675 Είσιδ’
315 611 349 680 ές
424 636 461 677 ου
482 616 612 701 πότμον,
635 572 701 703 όσιρ
719 623 790 682 τεοῦ
809 618 872 681 ἐστὶ
885 620 1028 704 χερείων.

111 696 179 759 ΛΔ.
198 692 271 763 Τοῖς
279 696 584 807 δυνατοῖςγέπιχείρει.
595 703 828 786 ἐρετμοῖςπλεῖν
837 702 894 787 γὰρ
903 703 1028 787 ἄμεινον

200 778 278 844 Θῖνα
297 781 374 864 παρ’
399 788 583 870 ειναλιην,ἦ
610 789 715 869 λαίφει
736 788 800 873 όλιρ
819 789 1003 871 πελαγίζειν.

111 859 177 926 ΛΕ.
200 862 254 947 Μὴ
278 864 392 949 βούλου
414 869 528 938 ἀδίκως
550 871 740 956 ἐριδαινέμεν
765 873 851 956 ἀνδρὶ
874 873 992 959 δικαίιμ.

202 945 272 1011 Τῶν
296 949 420 1035 ἀνόμων
442 954 516 1023 θεὸς
534 956 614 1019 ἐστὶν
637 957 686 1018 ἀεὶ
706 956 853 1040 τιμήορος
873 956 984 1043 ἀργῶν.

112 1029 170 1100 Ac.
199 1029 268 1095 Τῶν
283 1039 337 1097 σεδ
347 1036 557 1123 ἀτεμβόμενος
569 1043 609 1124 μὴ
619 1045 733 1103 ποτνιῶ
752 1041 941 1126 ἀγχνύμενος
954 1045 1027 1126 κῆρ·

200 1114 301 1202 Χαῖρε
315 1119 487 1202 δὲμᾶλλον,
507 1123 578 1188 ὅταν
591 1125 657 1188 τινὰ
671 1127 773 1211 συμβῇ
792 1125 840 1188 σοὶ
853 1126 1028 1198 κτεατίζειν.
1069 1146 1072 1153 ·

113 1195 178 1260 ΛΖ.
193 1200 342 1285 Ἀτλητον
355 1206 469 1292 βλάβος
482 1209 555 1284 ἐστὶ,
565 1209 818 1295 τύχαιςτάένόντ
830 1210 1028 1294 ἀποβάλλειν.

193 1281 295 1349 Ἔστιν
321 1289 352 1350 δ’
369 1289 444 1355 ἅττα
467 1292 583 1376 φέρειν,
610 1295 692 1380 φίλε,
716 1296 765 1359 δεῖ
774 1294 913 1379 τετληότι
925 1294 1026 1381 θυμιᾷ.

114 1363 180 1429 ΛΗ.
198 1366 256 1454 Μή.
271 1394 321 1433 σοι
344 1372 701 1463 ἐπαγγέλλου-μήκιστον
724 1379 822 1465 τέρμα
845 1381 934 1465 βίοιο.

199 1452 327 1538 Σῶματι
346 1457 415 1541 γάρ,
430 1462 498 1525 σκιὰ
516 1464 568 1540 ῶς,
584 1465 690 1528 ἕπεται
705 1464 810 1548 μόρος,
821 1461 876 1551 η’χι
896 1463 1035 1548 πορεύη.’

114 1534 179 1598 ΛΘ.
193 1536 336 1603 Ἱλοίσκου
360 1542 486 1608 θυέεσσι
507 1547 599 1611 δεόν·
626 1549 696 1611 λίπε
720 1547 837 1633 μόσχον
863 1547 995 1633 ἀρότρῳ,

199 1621 292 1707 Μηδέ
314 1648 362 1706 μιν
385 1628 542 1713 εύμενίσαι
569 1634 653 1697 δόκει
673 1633 778 1715 αἵματι
794 1634 846 1696 καὶ
862 1634 1028 1715 σφαγίοισι.

114 1700 156 1766 Μ.
199 1704 273 1771 Είκε
293 1710 371 1796 τύχη
394 1715 535 1800 μοίλαπερ
555 1717 777 1803 βεβλαμμένος,
800 1716 863 1780 εἶκε
882 1720 1028 1801 κραταιῷ.

194 1790 233 1856 ‘0
258 1795 379 1880 βλάψας
399 1800 432 1861 τὸ
455 1805 575 1883 πρῶτον
600 1801 668 1889 ἔχοι
690 1803 764 1864 ποίλι
783 1803 838 1864 καί
854 1824 888 1863 σε
910 1801 1028 1883 ὀνῆσαι.

115 1871 249 1940 ΜΑ.Ἢν
270 1880 300 1941 τί
318 1902 393 1943 ποτε
413 1885 552 1969 πταίσης,
575 1891 695 1954 πυκνῶς
719 1885 811 1948 έπίπλ
834 1886 882 1955 Εον
913 1886 1027 1968 ἑαοτιβ.

201 1960 323 2047 Τραδμ’
333 1964 385 2028 ὅτε
395 1967 433 2049 δὴ
442 1968 623 2053 δεραπεόετ’
637 1969 805 2039 ἀκοςπέλει
815 1969 1028 2052 αλγιοςάλγος.

115 2041 186 2107 ΜΒ.
197 2045 250 2130 Μὴ
276 2055 515 2132 καταγινώσκοιο
541 2056 653 2140 χρόνον
676 2055 752 2137 μετὰ
766 2058 880 2141 μακρόν
894 2054 1027 2139 ἑταίρου.

200 2130 238 2196 Εἰ
252 2135 286 2196 δὲ
299 2132 412 2219 ἄμειψε
422 2138 563 2222 τρόπους,
583 2141 620 2203 τὰ
635 2143 731 2204 πόλαι
747 2140 883 2224 μέμνυσο
901 2139 1014 2202 δίκαια.

116 2210 184 2276 ΜΓ.
199 2214 268 2283 Τῶν
290 2217 473 2303 εὐεργεσιῶν
499 2226 587 2309 χάριν
611 2225 687 2301 ἴσθ’,
709 2224 757 2286 ἵνα
781 2226 922 2309 φίλτερος
942 2223 1016 2306 εἴης.

200 2299 262 2366 Καὶ
285 2306 326 2388 μὴ
351 2305 367 2367 ό
382 2306 568 2392 δρυλληδεὶς
581 2311 765 2393 ὀλεσίχαρος
779 2309 871 2376 αύτδς
883 2308 1029 2390 ἀκούσης.

115 2380 184 2446 ΜΔ.
199 2385 328 2472 Μηποδ’
343 2388 478 2461 ύποπτος
502 2392 586 2476 ἔμεν,
607 2394 648 2477 μὴ
673 2394 812 2475 νωλεμὲς
832 2392 939 2461 ἀδλιος
955 2391 1028 2474 εἴης.

203 2472 324 2541 Δειλοῖς
351 2474 408 2558 γὰρ
432 2477 564 2546 θάνατος
586 2480 636 2540 καὶ
659 2479 881 2560 ύποπτευτγῖσιν
905 2475 1028 2559 ἄρηρεν.

116 2550 186 2617 ΜΕ.
200 2553 254 2624 Εἰς
277 2558 355 2625 ἰδίας
377 2562 486 2643 χρείας
510 2563 709 2644 ὠνησάμενος
729 2561 931 2645 θεράποντας,

197 2640 401 2726 Ἀνδρῶποος
415 2645 552 2730 μέμνησο
570 2646 686 2722 πέλειν,
701 2645 833 2713 δούλους
843 2666 899 2727 περ
914 2643 1030 2713 έοντας.

116 2722 178 2792 Mc.
199 2725 315 2789 Αὐτίκα
336 2733 390 2791 τοῦ
411 2732 534 2814 πρώτου
559 2735 668 2814 καιροῦ
693 2730 854 2814 μελέδαινε
868 2728 1029 2815 λαβέσθαι.

202 2808 254 2893 Μὴ
277 2812 352 2874 πάλι
378 2813 479 2897 δίζηαι
500 2837 568 2898 περ,
592 2814 611 2878 ἀ
634 2815 702 2899 πρὶν
727 2816 876 2898 ὀλίγωρος
897 2817 1028 2897 ἀφῆκας.

117 2892 186 2958 ΜΖ.
201 2893 352 2980 Αίφνιδίιρ
376 2899 486 2960 δειλῶν
509 2900 634 2984 θανοίτιρ
659 2901 699 2982 μὴ
726 2898 834 2984 σφόδρ’
860 2897 1009 2983 έπίχοιιρε.

159 3042 160 3047 ,
201 2976 357 3064 Εύτυχέες
378 2984 556 3067 θνήσκουσι,
577 2982 655 3049 τέων
701 2985 745 3052 ίος
769 2983 846 3046 ἐστὶν
869 2982 983 3050 ἀδῶος.

117 3061 191 3127 ΜΗ.
202 3062 240 3127 Εἰ
264 3064 445 3151 σύλλεκτρον
466 3065 558 3152 ἔχεις,
580 3068 628 3130 ἵνα
646 3092 686 3151 μη
707 3091 755 3130 σοι
768 3065 917 3131 τάκτέατ’
933 3064 1029 3151 ἔββοι,

202 3145 263 3211 Καὶ
271 3147 360 3217 κλέος
371 3151 480 3215 ἐσδλδν
489 3152 596 3216 ὄλοιτ’.
606 3153 717 3236 ἄφιλον
730 3153 819 3236 φιλον
830 3152 894 3214 αἰὲν
903 3151 1028 3214 ἀλεόου.

117 3230 251 3296 ΜΘ.Ἤν
272 3255 349 3297 ποτε
370 3239 560 3320 πουλυμαδῇ
573 3239 676 3322 συμβῇ
692 3236 804 3320 μελέτη
828 3237 862 3300 σὲ
874 3234 1030 3319 γενέσθαι,

203 3316 1029 3405 Πλείοναμοίνδαί.ἀνηνασδαιδὲμαδεῖντιπαραιτοῦ.

117 3399 156 3465 Ν.
194 3397 282 3467 Ὅττι
304 3409 433 3492 σονείρυν
455 3404 514 3488 ἔπη
538 3410 680 3489 γυμνοῖσι
705 3405 833 3487 λόγοισι,
855 3404 1008 3489 τέθηπας;

194 3481 275 3568 Ἥγε
297 3487 334 3571 δὴ
359 3491 503 3575 εύσταλίη
526 3493 650 3575 γνῶμης
674 3491 747 3553 τάδε
772 3490 877 3554 σύνδυ’
901 3489 1008 3553 ἕνῶσε.

767 3664 803 3723 17
