2586 4214
507 339 656 431 3³⁵„

124 507 323 581 Mensamque
346 505 479 579 calceus,
510 507 558 567 ivs
582 508 730 585 supirans
756 516 786 567 et
806 510 930 583 benum,
1021 544 1028 565 .·

14 626 16 665 ;
124 592 219 651 Fetae
239 591 362 651 modum
384 600 507 650 secutus
528 611 618 652 ursae
639 593 812 652 incicorem.

14 744 16 757 ,
124 679 205 755 Ergo
226 684 387 753 stupentes
408 676 521 736 frustra
539 679 669 737 tundens
693 679 825 749 nervias,

14 768 15 797 ³
124 762 257 841 Egentia
279 770 309 819 et
329 762 430 821 ieiuna
448 761 581 822 fundens
602 764 749 821 carmina:

127 847 189 909 Sed
207 848 284 906 fleus
308 846 406 904 adibis
428 847 557 922 patriam
575 848 731 909 incensam
753 848 850 924 prius,

126 934 273 1010 Exangue
297 939 446 1007 spectrum
468 932 608 991 baiulans
628 933 708 993 uluis
732 932 792 992 tuis

126 1019 191 1079 Iam
212 1017 342 1092 quinque
366 1025 476 1092 nuptae
497 1017 642 1094 Thyades
670 1018 863 1077 Pleuroniae.

14 1166 16 1171 ,
127 1101 220 1176 Setae
243 1110 363 1160 cataces
384 1120 514 1176 namque
537 1100 718 1162 Carmentae
740 1104 817 1161 mari

127 1189 193 1246 Iam
216 1186 355 1264 panuclis
377 1206 487 1244 nevere
509 1187 608 1260 trinis,
632 1189 776 1265 coniuges

128 1272 352 1332 Thalassiones
373 1272 503 1346 quinque
526 1273 680 1331 celebrare
699 1273 798 1332 illius:

127 1358 216 1417 Duos
240 1357 360 1433 quidem
383 1356 485 1415 videre
508 1358 678 1432 praedones
699 1359 790 1435 lupos

128 1442 204 1503 (late
225 1442 377 1500 intuentes
401 1451 562 1518 praepetes
582 1443 793 1503 immussulos:

128 1528 220 1606 Plyni
243 1536 272 1584 et
292 1527 453 1603 Libyssae,
479 1524 637 1603 Caricique
658 1529 784 1606 gurgitis
801 1578 803 1581 .

128 1614 155 1671 E
181 1613 274 1688 stirpe
296 1620 409 1669 cretum
432 1613 593 1671 semicreta
614 1614 785 1685 barbarum,

127 1699 258 1758 Et'vere
279 1697 408 1774 Epeum,
430 1715 486 1753 nec
506 1697 626 1771 quidem
647 1698 792 1775 Argivum
813 1705 892 1769 satu,

130 1782 283 1856 Cuiusque
301 1802 389 1839 avum
410 1781 561 1856 quondam
580 1782 612 1839 in
632 1782 799 1841 molaribus
817 1784 883 1842 suis

129 1868 295 1944 Hercynna
315 1867 429 1939 Educa,
452 1885 528 1941 quae
549 1868 628 1944 gerit
646 1867 839 1945 secespitam,

129 1953 245 2012 Fartim
263 1952 390 2011 minutal
411 1952 598 2025 frendicaus,
625 1953 738 2010 tumulo
758 1953 876 2025 indidit,

129 2038 258 2097 Humeri
282 2056 378 2096 vorax
398 2037 518 2112 epulata
540 2037 764 2117 cartilaginem:

131 2122 228 2196 Quem
250 2123 361 2180 dudum
383 2122 516 2180 adultum
539 2123 678 2196 virbium,
704 2133 735 2182 et
757 2125 916 2202 cupidines

131 2207 249 2269 Graves
273 2214 429 2267 caventem
445 2209 568 2265 navium
588 2210 686 2284 promi
707 2209 756 2267 dei

130 2295 217 2353 Misit
240 2291 390 2351 Tarentus
409 2293 440 2349 iu
463 2293 608 2351 Letrinae
627 2294 734 2371 iugera

132 2378 227 2443 Ocriu
247 2386 386 2455 paratum
407 2379 571 2452 praeterire
589 2378 733 2454 Molpidis

128 2462 272 2524 Lustrale
295 2463 377 2522 caesi
399 2481 508 2537 corpus
527 2463 653 2521 imbrico
672 2463 749 2521 Iovi.

131 2547 236 2610 Soceri
254 2549 286 2606 in
305 2548 423 2606 ruinam
444 2547 495 2620 qui
517 2546 677 2605 trucidavit
700 2565 810 2622 procos

130 2633 224 2692 Iustis
246 2633 397 2704 nefandis,
417 2651 494 2707 quae
518 2629 639 2690 Camilli
658 2632 738 2690 fflius

130 2718 273 2777 Paravit:
291 2718 342 2783 ille
363 2717 473 2795 poculo
496 2718 645 2776 exhausto
666 2716 783 2789 ultimo,

132 2802 316 2881 Cognomini
339 2803 476 2880 sepultus
500 2810 547 2861 est
568 2801 700 2874 Salacia,

133 2888 262 2950 Suasam
285 2889 349 2947 suis
371 2888 473 2946 labem
492 2888 630 2964 insipans
652 2887 816 2958 natalibus,

133 2972 230 3035 Surae
248 2973 371 3049 petillae
392 2972 520 3050 Psyllan
542 2974 685 3051 aurigans
708 2990 827 3046 equum,

131 3058 254 3117 Piratae
278 3067 308 3117 et
326 3057 516 3133 Harpinnam
538 3078 641 3136 parem
662 3058 776 3135 ungula
797 3055 900 3133 strigi.

133 3143 270 3202 Tandem
290 3144 344 3205 illa
363 3152 499 3219 quartum
519 3145 642 3203 fratrem
661 3144 759 3201 adhue
777 3140 909 3200 tuebitur

131 3228 273 3287 Lircanei
292 3228 476 3305 acceptoris:
495 3229 547 3287 ille
570 3250 586 3287 e
607 3230 749 3288 fratribus
866 3224 1042 3303 [Circeaeil]

132 3314 258 3391 Pugnae
278 3314 440 3373 secuudum
464 3314 628 3372 acerrimae
653 3313 833 3392 palmarium
1043 3318 1093 3371 170

134 3399 257 3460 Tulisse
277 3407 348 3458 tunc
371 3406 503 3459 canetur.
526 3406 616 3473 atque
638 3400 670 3458 iu
690 3397 833 3476 stragulis

134 3485 278 3560 Quintum
299 3484 400 3543 anxiis
420 3486 452 3542 in
475 3484 602 3544 somniis
626 3484 791 3543 exereitum

132 3570 262 3630 lactabit
284 3577 351 3631 atro
373 3570 515 3649 imaginis
536 3569 678 3643 ludibrio,
