2586 4214
628 376 780 471 -Ψ-

246 546 329 604 Iram
350 544 481 603 ferocem
502 526 646 618 deprecer
668 546 770 624 gravis
790 543 886 603 Deae.

246 632 322 690 Mox
342 629 473 705 aliquem
498 629 588 688 adibo
611 631 796 708 inhospitum
820 637 851 688 et
870 637 985 689 tescum
1007 630 1121 705 locum,

248 715 417 790 Telumqne
438 715 482 774 ibi
501 714 745 777 inimicissimum
767 716 833 787 hoc,
858 733 963 773 ensem
986 734 1097 790 meum,

247 801 291 862 Ut
310 800 412 859 videat
431 799 508 858 illud
526 819 626 875 nemo,
649 801 807 860 defossum
829 800 968 874 obruam,

178 879 232 934 ⁶⁶⁰
250 883 311 946 Sed
332 879 478 944 creditum
502 885 612 960 Orcus,
634 904 752 962 noxque
774 885 944 944 servassint
965 886 1035 945 sibi.

247 969 329 1029 Num
353 970 484 1045 denique
503 989 542 1029 ex
563 991 621 1047 quo
643 978 833 1029 muneratum
854 976 990 1047 tempore

247 1056 312 1134 Ego
330 1054 406 1113 illud
424 1055 545 1115 hostica
563 1056 704 1116 Hectoris
723 1056 792 1133 cepi
815 1074 923 1114 manu:

247 1141 369 1201 Exinde
391 1139 519 1216 adeptus
541 1142 586 1200 nil
610 1160 676 1200 sum
703 1142 741 1199 ab
761 1138 882 1218 Argivis
907 1140 989 1199 boui.

249 1224 365 1287 Scitum
388 1225 486 1284 estin
508 1244 560 1283 ore
582 1227 638 1284 hoc
661 1226 795 1284 omnium
819 1225 930 1283 dictum
951 1217 1059 1284 retus:

179 1306 231 1361 ⁶⁶5
249 1311 389 1369 Infausta
410 1329 537 1368 munera
559 1311 704 1384 hostium,
726 1329 782 1369 uec
801 1328 937 1368 munera.

248 1395 412 1454 Discamus
436 1413 505 1472 ergo
526 1396 559 1453 in
579 1404 732 1454 caeterum
752 1395 828 1454 Deis
851 1394 949 1453 locum

249 1479 377 1553 Cedere,
399 1485 429 1537 et
447 1479 593 1539 honorem
613 1481 747 1540 debitum
769 1480 885 1539 Atridis
907 1480 989 1538 dare.

248 1564 332 1625 Nam
350 1564 504 1642 principes
527 1574 608 1639 sunt,
631 1566 857 1641 obsequendum
879 1573 942 1624 est:
964 1564 1125 1642 quippini?

248 1651 289 1710 Et
310 1650 416 1728 gravia
438 1669 516 1725 quae
538 1660 618 1725 sunt,
639 1670 776 1726 quaeque
798 1657 869 1709 sunt
890 1649 1077 1727 immania[‚]

180 1734 233 1790 670
251 1734 369 1796 Cedunt
388 1736 505 1795 honori.
528 1737 608 1794 cedit
628 1744 658 1793 et
680 1737 726 1795 vis
746 1735 909 1812 ninguidus

250 1821 383 1894 Hiemis,
403 1820 455 1878 ubi
478 1829 580 1881 aestas
604 1829 703 1880 macta
724 1821 862 1898 frugibus
886 1818 978 1878 venit.

251 1905 371 1966 Cedunt
394 1912 424 1962 et
438 1905 526 1982 ipsae
548 1906 647 1965 noctis
668 1907 813 1965 obscmae
834 1906 916 1964 vices

250 1991 327 2049 Luci
349 1990 494 2048 albicanti
514 1990 616 2049 lumen
635 1991 747 2049 almum
766 1991 941 2049 accendere.

251 2076 293 2134 Et
313 2074 410 2132 maria
433 2074 555 2134 tumidis
577 2072 718 2134 intonata
738 2076 860 2134 flatibus

181 2158 232 2213 ⁶75
249 2159 388 2219 Posuere
408 2159 526 2218 fluctus.
550 2160 644 2217 victor
664 2161 799 2219 omnium
822 2179 915 2236 sopor

249 2244 401 2304 Devineta
422 2244 509 2301 laxat
528 2246 674 2319 membra,
697 2261 754 2303 nec
775 2263 897 2322 semper
914 2251 1006 2302 tenet.

211 2329 216 2334 “
250 2331 290 2390 Et
314 2348 368 2407 ego
390 2329 530 2388 modesta
547 2329 630 2388 facta
651 2331 784 2389 dubitem
806 2329 969 2407 persequi?

250 2414 363 2489 Quare,
385 2423 419 2473 ut
436 2433 548 2492 reapse
569 2435 667 2493 nuper
689 2423 833 2493 expertus
856 2410 911 2486 fui,
939 2426 941 2433 ⁴

250 2499 319 2558 Hac
338 2501 399 2559 fine
421 2518 553 2577 semper,
573 2519 697 2574 censeo,
719 2500 874 2558 inimicum
898 2498 1011 2571 oderis,

180 2581 233 2639 680
251 2585 411 2660 Tanquam
431 2585 511 2643 idem
534 2586 648 2646 amicus
672 2587 712 2645 sit
730 2585 859 2644 futurus.
879 2583 1013 2642 indidem

250 2670 287 2729 Iu
304 2677 421 2728 tantum
442 2671 540 2728 amico
562 2671 699 2729 munifex
719 2689 836 2729 morem
855 2688 969 2747 geram,

251 2754 410 2830 Tanquam
431 2773 488 2813 nec
507 2755 587 2813 idem
613 2757 654 2814 sit
672 2756 800 2814 futurus.
823 2754 944 2831 plurimi
1004 2808 1008 2813 .

249 2839 416 2918 Appellare
436 2840 536 2915 ipsum
556 2849 678 2917 portum
699 2840 850 2899 amicitiae
873 2839 989 2897 timent

252 2923 314 2986 Sed
334 2925 415 2984 belle
432 2926 588 2984 habebunt
604 2925 674 2985 ista.
695 2933 727 2984 tu
750 2944 821 2984 vero
841 2924 962 2982 iuterim

181 3010 233 3065 685
250 3011 337 3069 Intus
358 3029 484 3087 precare
504 3012 663 3087 perpetim,
683 3010 802 3084 mulier,
827 3008 923 3081 Deos,
957 3009 960 3013 ’

251 3093 420 3156 Succedere
441 3094 505 3167 illa,
530 3113 608 3171 quae
631 3096 741 3154 sedent
761 3092 875 3167 animo,
899 3092 1011 3152 omnia.

249 3181 379 3253 Etrus,
400 3180 536 3253 sodales,
556 3181 643 3257 paria
664 3177 909 3256 comprecamiui.

250 3266 396 3325 Mandata
415 3266 516 3324 verbis
540 3266 616 3323 haec
635 3266 712 3325 meis
725 3265 856 3323 *Teucro
876 3265 961 3322 date:

250 3351 304 3412 Uti
326 3369 384 3409 uos
409 3351 547 3423 amassit,
569 3357 602 3408 ut
621 3351 695 3410 velit
709 3351 798 3409 vobis
821 3351 910 3408 bene.

182 3437 234 3492 ⁶90
250 3436 437 3495 Proficiscor
455 3434 539 3509 illuc,
566 3453 627 3511 quo
645 3435 781 3511 profecto
805 3452 884 3511 opus
906 3432 980 3492 mihi
1001 3440 1059 3491 est.

251 3520 317 3580 Vos
339 3521 425 3579 iussa
444 3527 627 3597 perpetrate.
649 3521 738 3579 forsit
758 3520 795 3577 de
817 3538 886 3578 mea

197 3632 201 3643 ¹
252 3604 358 3667 Salute
374 3604 549 3678 inaudietis‚
571 3604 629 3663 etsi
648 3605 809 3683 perieram.
