2586 4214
507 348 657 444 m
708 442 711 447 ,

125 509 233 572 Genus
253 520 408 587 necantes,
425 515 494 594 lege
515 520 656 577 sanciens
676 528 750 579 rata.

126 597 155 657 Ο
178 605 283 671 mater,
308 588 331 656 o‘
345 599 466 658 misella
486 610 591 675 mater,
614 613 745 662 nectua

123 681 207 741 Laus
229 683 378 763 interibit:
407 686 478 760 quin
499 687 602 764 virago
620 688 728 748 Persei

125 767 286 826 Triformis
311 767 393 828 Orca
415 777 444 828 te
464 790 569 830 canem
589 774 785 849 pernoctibus

125 852 257 914 Saevum
279 853 416 912 efferabit
436 856 468 913 in
490 857 574 916 viros
598 858 771 932 nictatibus,

125 937 245 1012 Quique
263 938 442 1015 imperantis
466 938 623 1018 Strymoni
647 941 810 1003 Caniculae

123 1022 262 1082 Delubra
283 1024 440 1100 flam[m]is
463 1046 526 1085 non
548 1026 651 1086 colent
671 1028 858 1104 ardentibus,

124 1107 291 1167 Pheraeam
315 1109 419 1185 opima
440 1111 533 1169 caede
555 1113 711 1187 placantes
731 1115 827 1175 deam.

125 1191 189 1254 Sed
208 1193 290 1252 busti
309 1193 410 1253 inanis
433 1195 568 1255 insulare
588 1199 733 1272 cespitem

123 1278 263 1354 Pachyni
283 1278 408 1337 habebit
425 1279 555 1354 culmen,
575 1301 615 1340 ex
633 1284 792 1344 insomniis

123 1363 202 1422 Heri
223 1363 357 1422 timentis
382 1364 543 1423 excitatum
567 1366 702 1441 dextera,

123 1449 173 1508 Ad
193 1466 301 1525 purum
324 1448 433 1508 Helori
452 1450 609 1509 feneratae
631 1454 797 1531 marginem

125 1534 189 1610 Qui
207 1533 329 1591 functae
348 1533 381 1591 in
401 1535 463 1594 oris
483 1537 593 1593 inferet
609 1536 754 1596 libamina

124 1618 248 1677 Triviae
260 1618 403 1677 ,furorem
425 1621 541 1679 scilicet
560 1621 671 1681 timens
696 1623 782 1696 deae,

124 1702 211 1777 Quod
235 1702 351 1779 primus
374 1704 489 1783 audens
512 1706 595 1763 saxei
618 1707 714 1765 iectus
737 1710 834 1782 nefas,

125 1789 207 1849 Orco
228 1788 359 1864 praeibit
381 1789 441 1846 dux
463 1790 619 1847 inhumani
641 1793 730 1849 sacri.

124 1874 153 1934 Ο
176 1873 280 1945 frater,
302 1874 419 1931 animae
438 1875 599 1950 plurimum
623 1876 716 1934 frater
736 1897 823 1936 meae

118 1957 254 2031 Dilecta,
277 1958 425 2016 fulmenta
451 1960 570 2016 aedium
595 1969 685 2035 atque
706 1963 833 2038 patriae,

122 2042 197 2102 Non
217 2043 331 2103 frustra
351 2044 445 2102 tauris
467 2044 585 2104 imbues
608 2045 715 2125 altaria

124 2126 245 2200 Caesis,
269 2137 420 2186 tenentem
443 2129 592 2206 Ophionis
619 2132 728 2189 sedilia

122 2214 282 2273 Venerans
304 2214 405 2289 opimo
429 2214 615 2273 victimarum
640 2236 772 2276 munere.

124 2296 186 2359 Sed
209 2318 279 2356 rura
299 2300 484 2373 tevectabit
505 2301 537 2358 in
559 2301 702 2373 natalia„

124 2382 252 2443 Graecis
274 2383 424 2459 vigentem
445 2403 515 2442 rura
536 2385 647 2462 adepta
668 2386 805 2462 gloriam,

121 2468 185 2530 Ubi
207 2468 392 2546 palaestram
416 2468 506 2525 docta
527 2478 623 2526 mater
644 2470 734 2527 Latia

124 2553 207 2614 Olim
230 2553 428 2629 imperantem
449 2552 579 2612 Tartaro
601 2554 726 2612 trudens
749 2574 851 2628 anum,

122 2639 248 2697 Furtiva
269 2638 362 2697 solvit
385 2638 485 2696 vincla
509 2639 713 2714 partitudinis,

123 2722 253 2783 Gumiae
273 2723 373 2781 mariti
395 2723 635 2799 pullimandueas
660 2736 770 2782 cavens

122 2809 237 2885 Epulas
258 2807 417 2880 nefandas,
440 2826 497 2865 nec
517 2808 665 2885 saginavit
687 2808 765 2884 dape

121 2893 244 2966 Alvum,
265 2892 363 2950 faceta
386 2893 517 2970 glutiens
541 2911 648 2952 saxum
668 2893 733 2950 vice

123 2976 358 3039 suffarcinatum
379 2978 523 3036 mollibus
545 2977 714 3049 cunabulis,

121 3063 222 3122 Prolis
242 3063 414 3141 sepulcrum
436 3063 522 3121 triste
545 3063 705 3122 semiferus
728 3080 812 3120 suae.

122 3147 203 3222 Quin
224 3147 336 3224 templa
357 3147 482 3206 habebis
503 3147 679 3222 insulasque
699 3147 833 3207 Manium

120 3233 295 3292 Verruncus
319 3250 410 3290 aurae
430 3232 602 3309 pestilentis
622 3232 757 3310 Indiges,

120 3317 183 3378 Ubi
204 3327 326 3378 secutus
348 3317 448 3396 Ogygi
467 3317 581 3394 poples
607 3324 690 3376 satus

122 3403 236 3464 Oracla
256 3402 367 3462 Medici
389 3402 495 3479 Lepsii
518 3402 716 3474 Terminthei,

120 3488 170 3547 Ex
189 3487 366 3564 Ophryneis
387 3496 418 3545 te
441 3487 621 3564 sepulcretis
643 3504 748 3564 agens,

120 3576 231 3633 Arcem
257 3572 296 3630 ad
319 3568 447 3649 calydni
468 3572 557 3631 ducet
580 3581 610 3630 et
632 3579 741 3631 terram
764 3573 896 3646 Aenum,
