2532 4216
631 342 781 436 u-

293 509 328 572 Si
348 519 480 569 mentem
505 509 628 586 capiunt
649 511 705 569 illa
723 511 772 570 vel
792 510 847 583 illa
868 519 959 569 tuam.

248 596 348 669 Felix,
370 596 422 671 qui
441 595 549 653 faciles
572 595 704 656 traducis
726 605 847 671 pectore
867 614 973 667 curas3

294 681 426 757 Otiaque
447 681 478 737 in
500 687 605 737 tenera
626 688 733 739 sancta
754 680 854 758 quiete
877 681 959 740 colis.
1013 724 1017 733 .

251 766 374 824 Vivaois
397 765 445 822 cui
465 766 546 823 dona
566 765 733 824 indelibata
757 773 899 825 senectae

293 849 428 927 Spondet
445 850 597 908 inoffenso
619 859 715 909 tracta
736 859 839 909 tenore
859 850 953 909 salus.

251 937 349 1012 Quem
370 955 431 993 non
454 935 518 992 ulla
533 937 619 994 'malo
640 935 727 994 labes
750 936 878 994 tentavit
898 944 999 1008 acuto,

294 1020 367 1079 Non
387 1020 451 1078 ulla
472 1020 587 1077 afflavit
606 1021 652 1079 vis
673 1020 797 1078 inimica
817 1020 899 1078 mali.

251 1111 292 1167 At
314 1106 388 1163 mihi
406 1113 586 1181 perpetuum
609 1106 798 1165 mordacibus
821 1106 915 1163 anxia
933 1106 1027 1177 curis,

251 1260 253 1264 Ι
293 1190 361 1249 Nec
384 1191 451 1249 sine
475 1190 605 1248 sollicito
625 1191 743 1248 ducitur
766 1192 843 1248 hora
866 1197 960 1247 metu:

252 1276 349 1350 Quem
372 1283 507 1332 monstro
526 1286 673 1351 prognata
693 1275 771 1346 lues,
796 1294 873 1350 quae
891 1275 988 1333 limite
1011 1284 1093 1334 certo

296 1359 431 1432 Quatuor
453 1359 584 1418 alternos
608 1361 689 1435 itque
712 1359 847 1433 reditque
870 1359 947 1431 dies,

253 1445 395 1517 Obsides,
419 1452 448 1500 et
468 1444 560 1505 tacita
577 1445 741 1521 populatur
763 1453 849 1518 peste
870 1443 1030 1503 medullas.

294 1528 355 1587 Hei
378 1529 463 1600 mihi,
487 1529 565 1603 quod
583 1530 735 1604 loquimur
756 1530 850 1586 verbe
867 1530 986 1588 minora
1004 1530 1100 1589 maloi

252 1614 320 1674 Nec
341 1624 469 1690 possunt
490 1614 568 1691 elegi
589 1614 666 1673 vivis
691 1632 862 1689 proponere
881 1623 1001 1691 pestem

296 1698 455 1760 Sensibus.
479 1699 641 1776 altiloquae
662 1718 712 1757 res
736 1707 801 1756 erat
823 1699 884 1757 ista
900 1700 996 1776 lyrae.

253 1785 305 1846 Sic
326 1804 375 1842 me
394 1784 462 1841 iniit
478 1785 602 1855 victrix3
627 1785 671 1844 sic
693 1803 742 1841 me
761 1783 901 1859 spoliavit
924 1785 1088 1845 inermem:

297 1869 348 1929 Sic
371 1869 408 1927 de
430 1888 478 1928 me
501 1870 593 1928 celsis
613 1870 676 1927 alta
692 1869 857 1945 triumphat
878 1870 974 1943 equis.

252 1955 320 2013 Nec
341 1955 415 2011 mihi
435 1954 590 2012 sufficiunt
610 1961 727 2013 veteres
747 1954 781 2010 iu
803 1972 924 2028 corpore
948 1954 1046 2013 vires:

296 2038 364 2097 Nec
385 2057 442 2114 pes
464 2057 572 2096 munus
589 2034 669 2110 obit,
692 2056 748 2094 nec
770 2057 877 2096 manus
900 2038 964 2096 ulla
984 2057 1082 2098 suum.

255 2125 316 2186 Sed
339 2143 416 2195 sum,
440 2123 518 2197 quod
538 2124 637 2182 ventis
659 2123 748 2179 debet
768 2121 899 2181 ludibria
917 2123 1051 2199 pondus3

294 2210 334 2267 Et
357 2208 435 2283 quod
458 2227 535 2266 onus
558 2207 664 2283 primis
688 2207 809 2265 flatibus
834 2227 908 2265 aura
928 2209 1019 2267 levat.

254 2297 304 2353 Me
328 2314 391 2351 non
411 2292 475 2350 ulla
496 2294 580 2352 iuvat
599 2292 737 2352 Cerealis
762 2293 861 2370 gratia
881 2294 997 2363 foetus3

298 2378 431 2439 Gnossia
453 2396 509 2436 nec
531 2379 642 2437 veteris
668 2385 755 2455 grata
776 2378 875 2437 saliva
894 2379 980 2436 meri.

256 2465 369 2525 Omnia
390 2462 574 2523 Cerbereum
590 2465 708 2539 spirant
729 2463 804 2521 mihi
823 2464 920 2521 noxia
941 2464 1040 2533 virus3

300 2549 412 2609 Omnia
432 2559 502 2607 sunt
522 2550 569 2607 ori
589 2549 661 2607 trita
679 2567 798 2607 venena
816 2568 895 2606 meo.

256 2634 336 2708 Quid
354 2634 457 2691 ieiuna
479 2634 583 2709 loquar
605 2634 692 2692 diluti
714 2634 815 2691 taedia
837 2632 966 2709 gustus?

299 2720 421 2793 Oraque
442 2739 503 2776 nou
523 2738 654 2793 unquam
679 2720 761 2777 sicca
781 2718 896 2793 liquore
920 2714 996 2775 suo?

256 2804 336 2879 Quid
353 2804 519 2865 matutinae
539 2805 662 2863 fastidia
681 2805 766 2862 lenta
789 2802 924 2861 salivae?

298 2889 449 2949 Hostibus
471 2891 591 2948 eveniat
613 2892 653 2947 ah
676 2909 769 2964 sapor
789 2887 841 2944 ille
858 2888 951 2944 meisi

257 2974 336 3048 Quid
371 2976 557 3033 stomachum
590 2994 714 3034 exesum
750 2972 958 3046 stomachique
992 2971 1157 3029 inamabile

938 3057 1086 3116 murmur?

298 3145 339 3202 Et
358 3163 509 3219 nunquam
533 3145 571 3201 ad
593 3144 722 3220 gemitus
742 3150 868 3216 pectora
892 3148 975 3199 muta
998 3143 1096 3200 suos?

257 3227 333 3288 (lum
354 3231 477 3308 gravior
495 3230 590 3287 fundo
613 3228 738 3286 veniens
761 3235 920 3285 exaestuat
937 3226 997 3282 imo

301 3313 445 3392 Spiritus,
467 3322 497 3372 et
519 3316 622 3373 fauces
645 3312 739 3371 tussis
763 3311 873 3370 anhela
892 3310 997 3384 quatit.

258 3400 338 3474 Quid
359 3408 507 3459 nocturna
526 3397 625 3456 modis
644 3398 799 3455 insomnia
819 3395 939 3454 turbida
957 3392 1064 3452 miris?

301 3483 444 3560 Quasque
468 3485 542 3541 mihi
561 3483 691 3541 intentat
715 3482 823 3542 mortis
845 3481 944 3557 imago
965 3478 1088 3538 minas?

258 3571 274 3628 Ι
296 3589 385 3643 nuuc,
409 3587 516 3644 meque
537 3567 607 3626 iube
629 3570 784 3629 Musarum
806 3582 986 3642 expromere
1008 3564 1122 3637 foetus,
