2586 4214
537 360 688 455 3-Ὶέ-

153 527 307 585 immanes
327 526 451 605 indepta
471 547 490 585 a
509 528 590 602 Diis,
612 529 805 590 Salisubsule
823 531 928 608 Liber,

153 612 279 671 Mavors
298 611 461 685 Nerienes,
483 613 614 674 Volcani
634 617 754 693 purime
774 616 885 677 virtust

153 698 195 756 Et
213 695 282 755 Dea
298 695 487 776 Spumigena
504 719 605 759 rerum
623 701 741 759 infinita
761 708 910 777 potestas.

154 783 196 841 Et
217 789 250 838 tu
272 782 365 840 etiam
375 784 576 860 omnipotens,
595 785 666 844 Rex
675 786 806 845 maxime
819 784 1068 848 Summauorum:

153 866 237 926 Diva
257 866 395 940 Iuventa,
420 868 572 944 Pernnda,
592 872 716 930 neronis
738 871 865 940 numina
885 871 990 951 sangi,

153 951 307 1011 Iustitiam
327 961 495 1031 augustam,
514 963 604 1030 atque
624 964 783 1034 augustam
800 956 961 1031 Pietatem,

155 1038 314 1111 Obtestor,
337 1056 492 1115 purasque
511 1040 592 1100 viras
613 1048 643 1099 et
663 1042 788 1099 numina
807 1042 917 1116 Fauni,

153 1123 364 1198 Iunonemque
387 1142 506 1182 sacram
528 1125 614 1185 Iovis
638 1123 846 1203 omnipotenti'
867 1129 1018 1202 maritam,
1051 1140 1054 1143 '

154 1208 424 1283 Mammnriamque
434 1209 544 1268 almam
557 1231 620 1284 oro,
633 1210 891 1297 Novensilesque¹
904 1211 1066 1287 Camenas,

155 1290 406 1369 Temperiasque,
427 1294 682 1372 Venuststesque,
702 1296 847 1373 Annique
864 1297 997 1357 labores.

155 1376 308 1435 Latonum
333 1377 533 1437 cincinnatam
557 1401 624 1454 oro,
647 1390 678 1439 et
699 1383 841 1440 Martiam
861 1402 1030 1457 amoenam,

154 1463 328 1541 Armigeros
352 1461 463 1536 Salios,
486 1465 692 1540 Lucumoues,
714 1465 971 1544 Grunduliosqne,

153 1550 255 1622 Atque
276 1555 368 1625 potes
389 1547 499 1622 Divos,
520 1550 604 1611 Iovis
626 1551 798 1611 immortale
819 1571 1012 1632 propagmen.

152 1632 316 1707 Idaiosque
340 1631 499 1707 Camillos,
524 1644 554 1693 et
573 1636 722 1713 sirempse
744 1636 877 1695 Deorum

147 1718 335 1776 ‘Mercurium
355 1736 526 1791 accensum,
557 1728 587 1777 et
607 1720 710 1779 Iuritis
732 1722 963 1794 cortumionem,

153 1802 195 1861 Et
216 1809 333 1860 noctem
355 1804 466 1861 Maiam
488 1806 633 1877 obtestor,
652 1806 810 1881 lucemque
829 1805 904 1865 diei:

147 1887 234 1945 Tum
256 1886 384 1961 Fidiam,
411 1898 473 1946 tum
494 1889 554 1949 Fas
579 1898 609 1948 et
629 1891 751 1950 Fastam
773 1891 839 1949 iura
861 1891 1023 1950 (latentem.

154 1970 376 2048 Saturnumque
396 1982 426 2031 et
447 1975 563 2051 Opem,
585 1976 725 2052 pallaque
744 1975 895 2034 Veniliam
915 1977 1065 2048 amictam,

146 2057 370 2133 :Oceanumque
392 2078 469 2118 roco
493 2079 645 2140 magnum,
669 2061 846 2138 Oceanique
862 2062 992 2138 puellas,

154 2143 195 2201 Et
212 2144 294 2202 vires
311 2142 499 2218 Telamonis,
520 2154 550 2204 et
570 2147 647 2206 Aevi
667 2147 790 2206 saecula
808 2148 905 2220 fessa,
1017 2182 1019 2187 ·

155 2225 351 2305 Tempusque
364 2237 625 2307 aeternum,atque
637 2232 759 2309 paludis
769 2233 907 2310 sagmina
915 2235 1065 2292 Avernae.

154 2312 399 2388 Mulciberosque
418 2314 516 2389 Deos,
535 2317 696 2393 lumenque
715 2317 833 2377 illustre
854 2319 1004 2391 Monetae,

153 2397 194 2456 Ilt
206 2398 328 2456 Manum
336 2397 477 2472 Genium,
488 2409 576 2474 atque
585 2402 693 2459 Inuum
706 2401 878 2461 mortalium
889 2402 1065 2476 homonum,

152 2481 375 2559 eoelestesque
396 2484 487 2544 Ioves
508 2494 599 2561 atque
621 2487 740 2559 Aerios,
763 2494 793 2543 et
815 2490 983 2561 Aquantes,

152 2567 330 2627 Terrestres
349 2569 450 2642 etiam,
478 2577 508 2628 et
528 2568 709 2629 Summanos
734 2570 939 2648 Igniviosque,

154 2654 195 2712 Et
216 2651 378 2727 Semelam,
402 2663 431 2712 et
450 2654 555 2713 Brumi
574 2655 713 2714 sanantes
733 2656 791 2713 rite
813 2657 962 2715 cohortes.

153 2739 300 2797 Matutam
319 2740 508 2813 Albumeam,
526 2740 782 2816 Portumnumqne
800 2742 1045 2817 omnipotentem.

153 2824 195 2881 Et
216 2822 362 2882 Graecam
381 2824 551 2897 Nemesim,
575 2833 605 2883 et
625 2844 738 2883 numen
758 2825 913 2885 Victoriae
937 2826 1023 2885 Aine.

147 2905 222 2966 Nec
242 2928 301 2967 non
324 2910 472 2984 patrinum
491 2911 656 2970 coelestem
673 2910 866 2986 Aesclapium
886 2912 1023 2969 amicum.

153 2993 195 3052 Et
215 2995 451 3071 perterricrepae
471 3015 554 3054 arma
574 2996 740 3069 Minervae,
762 3003 793 3053 et
811 2996 932 3053 flamina
947 2996 1047 3069 bruta,

153 3077 354 3154 Fulminaque
370 3088 459 3154 atque
476 3090 583 3160 arguta
596 3082 701 3156 quadri
719 3074 920 3138 modulamina
929 3081 1046 3155 Mundi,

154 3164 314 3237 Maesium,
340 3163 650 3239 Oasnarenr,Divt1m
673 3167 850 3241 Latiamque
867 3174 1033 3242 parentem,

154 3245 585 3327 anlestemqueLnbentiam,
598 3259 627 3310 et
639 3252 801 3330 indigetem
808 3251 908 3309 Deum
916 3251 1066 3311 Adonem.

154 3333 343 3410 Principium
360 3344 391 3393 et
401 3336 503 3409 finem,
517 3354 646 3412 namque
659 3338 712 3395 ille
728 3345 775 3397 est
787 3331 919 3395 omnibn’
938 3343 1045 3397 totum.

197 3417 267 3479 Hos
287 3421 376 3480 mites
398 3439 507 3497 precor
526 3421 741 3481 adventassere
765 3423 887 3481 numine
908 3421 990 3481 laeto

154 3504 204 3563 Ad
226 3523 293 3561 mea
313 3504 444 3579 Februa,
464 3516 495 3564 et
511 3505 612 3563 inferii
632 3506 777 3565 libamina
799 3507 887 3566 sacri.

198 3589 345 3649 Obtestor
364 3590 498 3650 Triviam
518 3590 667 3650 Deianam
691 3591 946 3670 caeligenamque
