2502 4218
465 359 617 455 -ι-υν-

76 520 182 605 Γέρων
206 520 336 605 δόμοισι
361 524 436 608 βοός
457 521 630 605 ἀπένθητος
653 522 746 606 μένει.

75 604 182 691 Γέρων
205 607 342 690 πίθηκος
366 605 427 713 οὐχ
447 604 604 670 ἁλίσκεται
647 605 744 691 ρόχιρ,

116 691 285 754 ἁλίσκεται
310 691 377 774 μὲν,
400 713 453 754 συν
474 690 579 775 χρόνω
602 692 619 754 δ
655 691 822 755 ἁλίσκεται.

74 773 98 838 Γ
98 779 163 860 ηρᾷ
186 776 217 858 γ’
244 777 261 839 ό
286 776 370 862 βοῦς.
392 776 430 838 τά
454 776 486 838 δ’
512 755 588 883 ἔργά
607 775 709 838 πολλὰ
726 781 781 839 τοῦ
804 776 887 861 βοός.

75 857 183 943 Γῆρας
208 858 336 927 λέοντος
358 864 499 944 κρεῖσσον
519 861 659 943 ακμαίων
682 861 808 944 νεβρῶν.

75 941 211 1006 Γλυκεῖ’
237 945 347 1028 ὀπώρα
367 944 507 1030 φόλακος
526 943 751 1012 ἐκλελοιπότος.

75 1025 235 1091 Γλιῖισσαν
256 1029 310 1114 μὲν
332 1030 440 1112 ἀργὴν,
464 1033 555 1114 χεῖρα
578 1030 606 1092 δ’
632 1028 749 1111 ἐργάτιν
771 1028 888 1113 φέρω.’

75 1109 194 1196 Γραῦς,
219 1111 310 1181 ἵππος
334 1117 387 1190 ὥς,
410 1113 486 1183 ἕξεις
506 1115 609 1197 χαραδ
631 1117 698 1175 αῖον
721 1114 830 1195 τάφον.

77 1193 100 1258 Γ
103 1196 229 1282 ραφεὺς
245 1198 376 1280 ποιητής
396 1196 426 1260 τ’
452 1196 512 1260 εἴσ’
533 1136 697 1260 ἀνεόβυνυι
719 1197 818 1279 μόνοι.

76 1277 194 1365 Γραφή
219 1304 253 1344 τε
273 1283 325 1344 καὶ
346 1284 498 1350 Λευκαῖος
518 1283 556 1346 οὐ
577 1282 687 1345 ταύτὸν
711 1281 802 1365 λέγει.

78 1361 210 1428 Γυναικὶ
234 1367 275 1471 μη
297 1366 433 1443 πίστευε,
457 1369 498 1451 μὴ
523 1368 550 1429 δ’
576 1366 611 1429 ἀν
635 1365 790 1451 ἀποβάνη.

78 1445 232 1518 Γυναικός
254 1473 341 1532 ομμα
361 1456 425 1519 τοῖς
446 1453 619 1536 ἀκμάζουσι
639 1449 745 1535 βέλος.

77 1530 162 1619 Γυνὴ
188 1537 331 1618 γυναικὸς
353 1535 463 1599 οὔποτ’
489 1536 579 1598 οὐδὲν
605 1534 755 1619 διαφέρει.

80 1614 163 1703 Γυνὴ
189 1620 225 1683 δὲ
246 1620 324 1683 πάσ’
349 1620 426 1703 αὐτή
449 1620 521 1683 ’στιν
545 1618 691 1703 ἀρθέντος
714 1619 839 1703 λόχνου.

79 1697 163 1788 Γυνὴ
191 1711 362 1789 στρατηγεῖ,
385 1706 437 1768 καὶ
455 1706 529 1787 γυνὴ
555 1703 761 1787 στρατεύεται.

82 1784 219 1852 Δέδοικα
243 1790 347 1872 μωρὸν
370 1790 465 1873 κάρτα
488 1788 666 1871 πυραόστου
692 1786 797 1871 μόρον.

82 1868 241 1936 Δείκνυσιν
267 1875 347 1957 ἀρχή
370 1874 399 1935 τ’
425 1874 533 1957 ἄνδρα,
555 1873 608 1955 τήν
630 1872 658 1934 τ’
683 1873 781 1977 ἀρχὴν
805 1872 892 1957 ἀνήρ.

83 1953 268 2043 Δειλότερος
290 1960 393 2021 εἰτοῦ
417 1956 668 2042 παρακόπτοντος
689 1957 808 2041 ἀνερος.

84 2037 192 2126 Δεινῗγς
214 2042 347 2124 ἀνάγκης
369 2041 459 2105 οὐδὲν
482 2041 581 2127 ἰσχύει
600 2041 705 2105 πλέον.

85 2123 185 2190 Δεινοὶ
209 2126 332 2189 πλέκειν
360 2151 408 2190 τοι
431 2127 571 2212 μηχανὰς
589 2127 762 2210 Αἰγύπτιοι.

85 2207 235 2292 Δελφοῖσι
248 2211 357 2279 ’θύσας
379 2212 471 2281 αὐτὸς
493 2213 613 2296 ὀψωνεῖ
633 2209 733 2294 κρέας.

85 2292 240 2359 Δέσποινα
262 2297 320 2379 γὰρ
343 2295 463 2379 γέροντι
483 2297 607 2381 νυμφίῳ
631 2296 716 2377 γυνή.

86 2377 159 2465 Δίκη
181 2380 267 2462 δίκην
289 2379 396 2456 ἔτικτε,
419 2382 470 2444 καὶ
492 2382 590 2466 βλάβη
614 2380 741 2465 βλάβην.

86 2462 176 2549 Δίκην
198 2464 316 2613 ὑφεξει,
337 2487 392 2546 κογν
418 2487 488 2532 ονος
506 2467 602 2546 δακνη
625 2484 711 2525 κυνα.

87 2547 137 2617 Δὶς
161 2550 217 2612 ἑπτ
257 2552 389 2633 πληγαῖς
410 2547 590 2616 πουλόπους
609 2544 803 2628 πιλούμενος.

87 2631 137 2701 Δὶς
157 2634 236 2717 πρὸς
252 2635 302 2697 τὸν
328 2634 433 2713 αὐτὸν,
456 2634 594 2717 αἰσχρὸν,
615 2629 778 2713 είςκροόειν
800 2629 897 2695 λίθον.

87 2716 193 2785 Δοκεῖς
214 2716 248 2780 δέ
271 2742 324 2801 μοι
345 2721 396 2782 καὶ
416 2718 526 2804 Λάβδα
545 2716 624 2780 κατὰ
644 2717 716 2784 τοὺς
735 2716 895 2800 Λεσβίους.

87 2800 204 2870 Δοῦλος
224 2805 283 2887 πρὸ
308 2804 435 2879 δοόλου,
457 2801 607 2886 δεσπότης
627 2803 686 2884 πρὸ
708 2801 869 2865 δεσπότου.
911 2805 917 2818 ’

86 2885 234 3033 Δραγγμῆς
254 2889 308 2970 μὲν
331 2889 431 2963 αὐλεῖ,
457 2888 607 2972 τεττάρων
633 2887 668 2948 δὲ
692 2885 834 2948 παόεται.

87 2970 110 3031 Δ
130 2993 146 3033 υ
169 2992 184 3039 ς
204 2972 362 3056 πεσοόσης
379 2977 438 3041 πᾶς
458 2973 535 3056 ἀνὴρ
559 2971 727 3041 Ευλεόεται.

85 2993 157 3120 ’ἐὰν
182 3052 214 3115 δ’
238 3054 361 3141 ἔχωμεν
381 3057 526 3141 χρήμαθ’
551 3056 659 3138 ἕξομεν
685 3054 802 3137 φιλυυς.

84 3135 225 3222 Ἐγένετο
245 3141 297 3203 καὶ
312 3139 480 3225 Μάνδρωνι
504 3142 622 3205 σόκινον
651 3139 778 3222 σκάφος.

85 3219 164 3307 Ἐγὼ
185 3227 329 3305 γυναικὸς
352 3227 442 3309 ὅρκον
467 3226 511 3294 εἰς
532 3227 615 3308 ὕδωρ
634 3224 755 3307 γράφω.

83 3303 165 3391 Ἐγὼ
187 3311 310 3393 ποιήσω
328 3313 429 3373 πάντα
450 3310 528 3373 κατὰ
553 3308 769 3392 Νικόστρατον.

84 3389 152 3475 Ἐγ’
178 3389 246 3477 ιβδα
265 3395 316 3457 τὸν
339 3394 466 3478 Σίμωνα
487 3396 538 3456 καὶ
559 3393 663 3477 Σίμων
687 3389 753 3475 ἐμέ.

83 3474 165 3561 Ἐγώ
185 3499 218 3540 τε
240 3479 293 3542 καὶ
316 3479 352 3541 σὺ
373 3481 423 3543 τὸν
448 3477 540 3542 αὐτὸν
563 3478 692 3562 ἕλκομεν
719 3471 818 3556 ζυγόν.

86 3558 125 3626 Εἴ
142 3559 173 3625 δ’
198 3560 291 3639 ἄξιος,
315 3567 382 3643 παῖ,
404 3568 458 3648 τῆς
481 3562 512 3625 έν
532 3561 641 3647 Ἀργει
663 3561 800 3627 ἀσπίδος.
