2586 4214
643 379 796 474 Q

194 554 247 609 470
263 548 362 624 Quam
383 567 440 627 pro
462 547 614 624 frequenti
635 548 743 607 civium
762 546 884 607 comitio

262 635 371 694 Ferale
390 634 499 713 glauco
518 633 677 711 prandium
700 633 797 697 sunit
819 632 888 691 cani

262 720 388 780 Misisse
405 719 531 796 linguax
549 718 698 796 virginum
717 717 806 776 trium
825 725 912 795 pater

264 805 394 866 Omnem
415 803 534 862 marino
557 811 669 862 terram
689 803 848 861 inundanti
868 802 941 874 luto,

264 888 422 965 Siquando
441 890 549 948 fluctus
570 889 728 965 expuisset
748 887 888 946 faucibus

195 976 247 1031 475
265 973 401 1036 Sorbens
422 973 564 1050 procellis
587 993 677 1033 omne
699 972 875 1032 decumanis
896 971 1006 1046 solnm,

263 1059 386 1138 Nepam
410 1060 465 1119 sed
485 1058 539 1117 ille
561 1058 647 1118 fauce
668 1077 726 1135 pro
748 1077 830 1136 pupa
852 1074 978 1131 vorans,

263 1145 375 1204 Partus
399 1143 525 1222 maligni
546 1152 671 1217 questus
694 1151 743 1203 est
764 1161 843 1202 onus
863 1160 965 1219 grave.
1042 1170 1049 1179 ·

263 1230 397 1289 Venator
418 1229 526 1287 adiens
548 1235 580 1286 at
600 1229 751 1288 secundus
773 1227 904 1286 insulam

265 1314 308 1375 Ut
327 1314 468 1391 expedite
490 1313 632 1373 consulat
650 1313 739 1372 malis
763 1313 840 1385 suis,

196 1405 248 1460 480
264 1399 413 1477 Indigena
438 1398 541 1458 socius
566 1400 656 1474 epulo
676 1399 782 1457 liberis
805 1398 907 1469 virae,

264 1483 383 1543 Priscis
400 1483 549 1559 Lupercis
570 1491 660 1559 atque
678 1483 814 1560 Nyctimi
835 1482 942 1558 coquis

264 1568 384 1627 Lunam
408 1576 479 1627 ante
500 1569 592 1642 natis,
615 1569 710 1628 tiliam
731 1568 851 1646 glandis
875 1568 995 1642 dapem,

266 1654 395 1712 Torrere
417 1654 513 1712 suetis
536 1654 755 1713 incolentibus
779 1653 869 1725 focis,

264 1738 466 1811 Eviscerabit‚
489 1747 519 1797 et
539 1739 714 1798 medullitus
736 1739 835 1798 mahat

111 1872 115 1879 .
196 1827 248 1883 485
264 1824 384 1902 Ligone
406 1823 524 1902 glebas,
546 1844 636 1883 omne
652 1824 810 1902 vestigans
832 1838 965 1897 specum.

266 1908 361 1969 Cuius
385 1908 506 1967 necavit
526 1910 680 1969 bronchus
700 1910 837 1969 Oetaeus
859 1911 989 1983 patrem,

265 1994 314 2054 Ad
334 1992 498 2052 verticillas
520 1993 571 2053 ilis
594 2003 678 2053 artus
699 1994 869 2052 lancinans.

265 2078 454 2155 Adagionem
480 2079 560 2137 hunc
583 2079 681 2138 sensit
703 2086 827 2156 accepto
849 2074 944 2145 malo,

266 2163 358 2238 Quod
379 2162 511 2239 plurime
531 2163 611 2222 inter
629 2164 775 2240 poculum.
792 2170 822 2221 et
842 2161 961 2219 labrum
984 2158 1067 2218 solet

196 2250 249 2307 400
264 2247 404 2307 Vertisse
423 2248 518 2306 fatum
536 2266 586 2308 res
606 2268 701 2327 agens
722 2248 901 2309 mortalium.

264 2332 305 2391 Et
322 2334 394 2391 tabe
414 2352 542 2393 manans
566 2354 621 2393 ora
641 2334 805 2411 spumanti,
829 2330 971 2390 occidens

265 2414 450 2479 Soloeisetus
471 2419 678 2478 imminentem
698 2419 864 2490 ulciscitur,

265 2499 342 2564 Salii
362 2522 507 2563 coercens
529 2505 623 2563 incito
649 2513 730 2564 statu
751 2503 859 2565 volam.

263 2591 306 2647 At
325 2589 432 2647 tertius
456 2589 594 2649 tollentis
617 2609 655 2648 ex
679 2608 754 2647 cava
775 2595 863 2666 petra

196 2675 248 2732 495
265 2670 366 2732 Natus
387 2674 513 2735 neronis
535 2694 630 2747 arma,
653 2675 739 2733 cuius
757 2675 787 2731 in
808 2682 908 2731 torum

263 2758 340 2816 Idea
360 2758 448 2816 iunlx
470 2767 579 2836 sponte
604 2760 790 2819 conscendet
810 2777 876 2831 sua,

264 2840 350 2916 Quae
369 2843 438 2901 viva
458 2845 574 2903 Averni
597 2845 694 2903 obibit
714 2846 849 2917 umbras,
873 2841 1042 2917 questubus

161 3001 166 3011 ν
264 2928 305 2986 Et
329 2927 472 2988 lacrumis
494 2931 634 2989 conlecta
651 2930 762 2987 Muniti
782 2947 906 3006 parens,

265 3010 362 3086 Quem
385 3021 463 3073 terta
479 3012 649 3075 Orestonae
670 3014 778 3091 anguis
801 3013 833 3070 in
855 3010 1016 3071 venatibus

196 3100 248 3154 500
264 3096 406 3171 Necabit,
429 3118 529 3158 acrem
551 3100 708 3177 cuspidem
729 3099 870 3176 infligens
892 3095 1000 3173 pedae,

263 3182 325 3242 Ubi
345 3184 480 3259 parentis
500 3184 661 3244 collocabit
682 3184 714 3241 iu
736 3202 843 3242 manus

265 3265 396 3344 Captiva
414 3269 513 3345 patris
537 3270 606 3330 avia
624 3269 736 3328 furtivo
758 3275 858 3327 satum

263 3357 378 3411 Amore
398 3353 526 3430 pullum,
551 3356 600 3415 cui
620 3356 724 3432 iugum
747 3353 834 3412 solae
856 3353 1008 3413 hosticum

263 3437 369 3496 Iecere
394 3439 548 3500 servitutis
569 3439 679 3500 Actaei
698 3439 764 3516 lupi

196 3524 249 3582 505
266 3521 439 3596 Hostimen‚
462 3532 551 3599 atque
572 3524 714 3584 Bacchae
732 3523 872 3583 ademtae
887 3520 1029 3600 gratiam,

266 3606 403 3682 Quorum
424 3610 574 3668 rotundae
593 3609 725 3669 testulas
746 3624 855 3668 caesus
875 3606 987 3680 tholus,
