2532 4216
598 316 750 411 Α,
841 384 843 389 ,

221 485 334 544 Bidens
356 483 464 555 amica,
487 492 576 543 noete
600 487 738 562 pantices
760 486 912 545 solvens<

220 572 262 629 At
282 588 349 628 eum
372 569 548 646 coquendae
572 577 693 647 tempus
716 570 833 647 appetit
854 589 979 643 coenae,

221 655 263 714 Ut
288 661 461 712 exstruatur
483 654 585 731 lignea
604 657 691 714 focus
718 656 821 727 caede,

222 738 313 815 (Quis
336 757 408 816 ergo
432 738 554 798 damnet
572 748 613 813 te,
637 741 810 818 Lycurgei)
835 740 1024 799 Moneandus
1117 760 1121 769 ’

221 823 405 883 Exeodicari
426 823 546 882 vineam
566 825 660 898 iubet,
683 827 761 885 vites

223 908 340 969 (laesas
362 910 466 969 voraci
486 910 538 967 dat
558 910 719 989 benignius
740 912 896 970 flammae:

221 996 262 1054 Et
284 994 335 1071 qui
358 1012 555 1053 succrevere
577 996 689 1055 Libero
711 996 819 1068 munci,

224 1079 324 1139 Ceteri
344 1079 429 1137 iubet
449 1080 550 1156 perire
570 1081 674 1140 Liberi
694 1089 789 1140 vates.

221 1163 293 1223 Non
315 1163 376 1222 alia
391 1183 508 1237 mensa,
527 1184 617 1239 quam
639 1166 687 1224 vel
709 1167 798 1225 nnius
825 1172 928 1225 custos

222 1250 349 1308 Pluteus
371 1249 490 1326 papyri,
512 1250 562 1307 vel
584 1252 674 1309 duum
698 1251 875 1309 libellorum.

222 1336 325 1407 Abax,
348 1342 378 1391 et
397 1334 477 1391 idem
500 1342 547 1393 est
559 1336 690 1411 pluteus.
713 1337 781 1394 huic
792 1355 874 1412 penu
888 1336 982 1413 longo

225 1419 298 1478 Non
317 1419 503 1496 integrarum
522 1421 624 1480 fictilis
647 1422 827 1498 patellarum

223 1507 314 1564 Astat
335 1504 487 1580 supellex:
513 1514 614 1565 curtus
637 1525 763 1565 urceus:
784 1504 881 1580 pelvis

222 1589 371 1648 Dimidia:
394 1598 483 1666 rupto
506 1590 602 1648 latere
624 1591 719 1651 futilis
743 1598 863 1669 guttus3

224 1674 388 1749 Triumque
411 1676 564 1749 quondam
586 1677 743 1736 nasiterna
762 1694 922 1734 nasorum:

224 1759 374 1818 Necnon
396 1760 521 1817 matella
545 1779 612 1819 cum
636 1781 742 1821 sorore
767 1769 908 1834 creterra,

225 1843 379 1920 (Namque
397 1844 473 1902 haec
496 1845 610 1904 bibenti
627 1847 735 1919 servit,
756 1847 810 1904 illa
834 1845 984 1919 meienti.)

159 1934 163 1942 '
223 1930 304 1988 Huic
325 1947 402 1988 ansa
425 1929 526 2005 periit,
548 1931 603 1987 illa
625 1952 687 1989 non
710 1932 802 1989 habet
822 1930 961 1989 limbum:

223 2015 352 2090 Aquale,
373 2014 481 2086 sutum,
503 2014 604 2087 trulla,
624 2016 770 2092 pollulum
790 2015 919 2074 labrum.

223 2103 265 2160 At
283 2101 316 2158 in
334 2098 478 2176 quasillo,
501 2100 552 2174 qui
572 2100 716 2175 pependit
736 2120 752 2158 e
772 2101 865 2177 tigno,

225 2182 353 2246 semesa
373 2202 480 2261 perna,
503 2185 644 2259 caseique
665 2185 831 2257 buccellae,

223 2270 407 2329 Examinnm
429 2278 495 2326 atra
517 2270 747 2328 verminantium
771 2269 857 2327 cella.

223 2356 263 2414 Et
285 2355 317 2412 in
341 2353 464 2424 tabella,
486 2354 687 2430 proximoque
708 2355 835 2431 paxillo,

224 2439 369 2499 Frustilla
389 2438 530 2515 pridiana
552 2440 652 2499 earnis
675 2441 830 2512 ambesae,

226 2525 375 2583 Analecta
392 2542 476 2595 rosa,
499 2534 529 2582 et
550 2525 614 2583 olla
633 2527 707 2585 iuris
733 2524 878 2596 hesterni,

225 2609 444 2667 Lucanieorum
467 2608 596 2669 circulus
619 2611 813 2683 botellorum,

224 2694 282 2753 Vel
297 2694 371 2752 lanx
394 2694 503 2765 omasi,
530 2693 578 2752 vel
599 2696 716 2755 catinm
739 2694 894 2754 hillarum:

226 2779 324 2854 Quae,
343 2778 501 2855 pridianae
523 2797 588 2836 cum
610 2781 752 2857 poeticen
774 2782 882 2839 Musae

224 2864 404 2935 Destertuit,
425 2862 555 2922 conviva
577 2873 718 2925 strenuus
739 2866 836 2943 glutit.

225 2948 372 3026 capsella
395 2949 510 3009 subtus.
534 2950 591 3007 hac
612 2959 739 3028 reposta
762 2958 900 3009 servatur

224 3034 414 3093 Poetieorum
442 3035 595 3110 synthesis
616 3036 805 3106 libellorum:

226 3117 363 3192 Servata,
383 3138 440 3178 nec
464 3129 594 3194 servata,
617 3121 758 3196 quatinus
781 3138 902 3197 semper

224 3204 285 3262 Illa
306 3203 447 3280 inquilini
468 3206 583 3282 scripta
604 3213 763 3282 permeant
784 3223 901 3274 mures3

226 3289 345 3365 Quibus
367 3291 460 3349 refert
481 3291 669 3350 Moncaudus
689 3308 767 3348 unus
791 3296 957 3363 acceptum,

227 3374 318 3450 Quod
338 3375 462 3453 scripsit
480 3376 542 3436 illis
569 3376 631 3447 illa,
655 3395 718 3433 non
745 3375 803 3434 sibi
822 3379 948 3431 tantum.

225 3459 346 3518 Deinde
364 3460 543 3537 ploxenum,
566 3470 596 3518 et
616 3460 782 3519 forensium
798 3465 903 3516 eustos

227 3545 425 3606 Liticularum
448 3546 551 3624 balga,
573 3563 649 3620 quas
670 3554 700 3603 et
721 3545 748 3603 is
771 3562 839 3602 raro
