2586 4214
504 359 654 456 Q

159 517 206 582 X'
234 514 343 604 ᾆτερος
357 519 532 606 Ἡρακλέης
553 525 764 609 κερβιρόνικος
788 527 858 606 ἐθν,

111 599 178 666 Χει
199 605 211 666 l
234 607 389 689 φερεσβίῳ
412 605 505 690 ἄμμιν
529 608 679 692 ἀνήγαγες
694 609 818 675 Ἀκκιον
840 614 884 682 εἰς
902 618 969 699 φῶς

198 687 241 773 ἂψ
264 689 301 771 δὴ
326 690 525 760 ὑλακτοῦντος
545 715 594 755 σοι
618 693 783 775 μετόπισθε
805 696 903 767 κυνός.

349 853 412 921 Τυό
436 857 530 924 αὐτοῦ
553 861 598 929 εἰς
617 863 667 925 τὸν
693 861 794 926 αὐτόν.

108 935 174 1002 Ἔα
197 939 228 1001 τί
250 944 339 1003 τοῦτο
346 963 355 1016 ;
376 943 405 1004 τί
424 943 518 1027 χρέος
538 944 706 1029 θεήλατονς

111 1019 367 1105 Ἐνθουσιασμοῦ
388 1034 551 1108 συγγενοῦς
571 1030 623 1091 καὶ
643 1029 814 1113 συντρόφου

110 1104 224 1175 ”Oaros
244 1106 274 1188 γ’
300 1108 472 1194 ἐλευθερίᾳ,
492 1111 642 1193 Σκάλανε,
661 1119 728 1183 πῶς
750 1115 818 1199 δῆτ’
844 1115 902 1201 ἔπη

104 1185 241 1254 Ἕκαστ’
266 1192 401 1256 ἑκάστων
424 1195 616 1281 ἀνταμείβεις
635 1204 695 1261 τῶν
719 1198 819 1277 ἐπῶνς

114 1271 180 1338 Καὶ
199 1280 267 1345 πῶς
288 1278 420 1361 ἀνάγκης
440 1279 609 1360 τοῦμπαλιν
631 1282 755 1364 θεσμοῖς
775 1285 876 1356 δοθεὶς

113 1358 160 1422 Σὺ
191 1362 287 1444 μηδὲν
311 1362 464 1446 ἐκμαίνεις
486 1362 559 1433 ἔπος
581 1367 805 1451 ἀνολοθθερονς

423 1535 569 1596 Personae
583 1541 725 1614 sabatae:

318 1618 466 1693 Minerva,
674 1621 823 1698 Nuncius,
855 1646 859 1653 ·

321 1703 462 1781 Ulysses,
675 1706 802 1781 Teucer,

319 1789 410 1859 Aiax,
526 1788 530 1794 ⁴
666 1792 835 1866 Menelaus,

318 1872 493 1943 Tecmessa,
664 1878 884 1953 Agamemnon,

320 1956 439 2018 Chorus
463 1957 696 2019 Salaminiorum
718 1963 877 2024 sociorum.

449 2128 546 2195 Actus
568 2127 698 2192 Primae.
792 2160 795 2167 r

498 2214 645 2273 Minerva.

113 2295 180 2353 Iam
202 2295 303 2368 video,
326 2294 449 2372 Ulysse,
475 2317 568 2375 saepe
589 2307 618 2358 te
639 2301 775 2358 venatioe
1022 2305 1037 2357 1

115 2378 278 2457 captasse,
297 2388 330 2438 ut
347 2389 429 2440 artes
451 2384 586 2453 hosticas
606 2392 826 2459 praevorteres.

115 2464 220 2540 Teque
242 2466 319 2524 adeo
340 2466 496 2541 adipeam
519 2469 705 2526 commodum
724 2468 853 2527 classem
872 2470 1009 2532 ultimam

113 2550 230 2623 Aiacis,
254 2550 305 2608 ubi
327 2559 395 2626 post
411 2552 559 2628 principia
579 2553 685 2625 tendit,
707 2559 773 2611 tuor

113 2634 317 2712 Ruspantem,
338 2643 369 2693 et
386 2636 459 2695 olim
478 2636 649 2694 metientem
670 2636 776 2695 sedulo
1018 2658 1036 2711 5

113 2718 208 2779 Notis
229 2721 333 2778 adulta
353 2721 474 2797 nuperis
496 2720 634 2798 vestigia,

114 2803 157 2863 Ut
176 2805 270 2878 intus,
295 2806 438 2865 anforas
463 2806 512 2877 sit,
535 2806 632 2865 oculis
653 2823 795 2882 aucupes.

114 2886 199 2947 Pene
223 2898 321 2948 autem
343 2909 375 2949 es
399 2898 580 2963 assentatus,
601 2899 634 2949 ut
656 2890 739 2948 oanis
762 2908 867 2967 sagax.

114 2972 244 3049 Nauque
267 2975 347 3034 intus
368 2975 459 3035 elluln
481 2983 527 3034 eet
546 2976 626 3035 haud
647 2976 708 3046 diu,
732 2982 822 3050 caput

115 3056 233 3118 Sudore
255 3078 382 3118 manans
404 3067 493 3135 atque
513 3062 676 3119 carnufioes
698 3077 815 3118 manns.
1019 3077 1052 3129 10

114 3142 214 3217 Quare
237 3144 317 3204 intus
337 3145 518 3221 inspectare,
541 3164 597 3204 noc
614 3145 668 3204 tibi
687 3143 836 3221 integrum
857 3151 915 3217 est,

116 3228 244 3289 Omitte:
268 3238 381 3288 tantum
401 3230 475 3303 sare,
497 3231 602 3305 quoius
623 3229 720 3308 gratia

113 3312 192 3372 Tam
210 3315 336 3393 satagis,
355 3333 442 3373 omne
462 3324 506 3387 ut,
526 3315 667 3392 quioquid
688 3314 776 3372 huius
798 3319 855 3385 eet,
875 3312 991 3390 loquar.

113 3397 163 3458 Ul.
203 3399 230 3459 Ο
252 3399 325 3458 mihi
341 3399 475 3458 Deorum
493 3418 565 3458 cura
582 3417 724 3458 maxume
743 3396 876 3456 omnium

113 3483 259 3556 Minerva,
281 3504 371 3561 quam
392 3485 441 3544 vel
461 3485 579 3544 ominus
600 3485 681 3544 claro
700 3491 782 3541 tuam
1017 3501 1050 3559 15

112 3567 225 3628 Vocem
247 3588 321 3628 aura
341 3571 438 3649 capio,
462 3579 493 3629 ot
511 3577 611 3630 mente
631 3566 917 3711 suspene1a9l1aurio,
