2560 4216
472 394 474 400 κ
516 340 665 435 „av-

422 503 542 588 Μηκέτι
562 529 605 574 τις
624 506 756 590 aruisse.
951 508 1047 589 (aa)

132 593 260 652 Frustra
283 592 394 668 aliquis
416 602 526 669 paveat
548 596 613 653 fera
633 594 694 653 tela
715 594 884 671 Cupidinis.
906 595 964 654 Ille

175 678 290 736 Totum
311 678 344 735 in
365 697 414 736 me
436 679 595 755 pharetrae
615 680 676 757 iarn
698 680 837 739 vacuavit
859 699 948 740 onus.

134 763 259 822 Frustra
280 763 370 820 etiam
392 763 525 823 assultus
546 765 671 823 alarum.
696 763 778 822 Nam
793 765 866 823 mihi
882 773 1046 842 postquam

175 848 343 925 Impositus
361 850 491 925 pedibus
511 859 636 927 pectora
656 850 769 927 pressit
791 853 897 924 Amor,

133 931 253 992 Firmus
275 932 454 1008 inhaerebit,
479 935 670 1010 stabilisquez
691 952 790 1010 neque
810 935 880 992 inde
900 935 1045 1009 facesset,

176 1015 307 1091 Quande
327 1019 358 1076 in
381 1039 429 1077 rne
453 1039 569 1096 pennas
592 1018 722 1079 abscidit
742 1019 794 1077 ille
817 1038 898 1079 suas.

400 1179 479 1245 Οὔτε
503 1183 593 1267 ῥόδον
619 1185 787 1268 στεφάνων.
949 1187 1045 1266 ζ(50)

134 1269 176 1330 Ut
193 1289 268 1329 rosa
288 1290 351 1329 non
373 1271 474 1329 minor
492 1279 540 1332 est
559 1281 657 1333 serto:
682 1274 726 1332 sic
747 1273 884 1333 vestibus
905 1273 981 1350 ipsis

177 1354 247 1413 Non
270 1374 314 1428 es,
338 1356 496 1433 gemmatis
519 1359 691 1417 reticulisve
715 1358 822 1417 minor.

55 1516 58 1519 Ι
135 1437 327 1515 (laudarique
350 1449 402 1500 tuo
422 1442 546 1499 baccata
566 1443 692 1502 monilia
712 1444 832 1516 cedunt,

177 1524 374 1602 Impexisque
397 1526 462 1584 auri
487 1528 566 1585 flava
586 1529 681 1586 nitela
704 1529 808 1588 comis.

134 1609 208 1669 Inde
232 1611 351 1685 quidem
374 1611 483 1670 rutilos
504 1613 685 1688 hyacinthus
707 1613 841 1688 fulgurat
860 1613 960 1690 ignes,

176 1696 356 1754 Luminibus
378 1696 466 1754 cedat
487 1696 541 1754 sed
560 1706 661 1755 tamen
682 1698 751 1773 ipsa
770 1697 842 1755 tuis.

134 1780 331 1841 Roscidulum
356 1780 448 1839 decus
472 1781 546 1855 oris,
570 1790 599 1840 et
625 1782 784 1840 emendata
805 1780 946 1855 loquelae

177 1865 280 1927 Suada
299 1875 380 1938 tuae,
403 1866 532 1926 Veneris
552 1867 623 1943 quid
643 1868 703 1925 nisi
722 1873 822 1925 cestus
844 1866 872 1926 is
894 1865 960 1924 est?

135 1950 251 2011 Cuncta
273 1952 348 2008 haec
370 1970 418 2009 me
438 1951 559 2010 furiant.
588 1952 712 2029 sadme
733 1951 872 2012 solantur
896 1949 1003 2011 ocellis

175 2037 212 2095 In
233 2036 301 2111 quis
326 2052 397 2113 spes
420 2037 509 2096 sedes
533 2038 600 2096 fixit
620 2038 716 2096 amica
740 2056 824 2097 suaa

384 2200 446 2286 Τὴν
472 2204 539 2286 πρὶν
561 2203 807 2286 ἐνεσφρήγισσεν.
845 2226 848 2245 ·
950 2205 966 2272 ζ
976 2204 1046 2282 (51)

135 2292 192 2350 Illa
211 2292 257 2349 tui
278 2292 378 2349 vultus
399 2290 551 2366 quondam
573 2292 744 2368 praesentis
766 2291 866 2367 imago

177 2376 274 2449 Quam
295 2376 380 2453 prius
399 2378 430 2434 in
451 2384 557 2435 nostro
579 2384 701 2451 pectore
726 2374 853 2449 sculpsit
872 2376 975 2445 Amor,

134 2460 287 2538 Expuitur
306 2462 375 2520 tibi:
397 2481 445 2519 me
465 2461 622 2521 miseram:
645 2479 748 2517 verum
768 2478 829 2516 una
851 2457 970 2517 decoris

177 2546 277 2606 Corde
299 2555 369 2605 meo'
391 2547 509 2623 species
532 2553 591 2604 stat
612 2544 685 2605 mihi
704 2544 816 2619 scripta
838 2543 891 2601 tui.

136 2629 259 2692 Scilicet
280 2632 359 2689 hanc
382 2633 471 2705 Orco,
494 2632 573 2688 hanc
594 2630 763 2702 ostendam,
787 2629 926 2701 barbare,
950 2625 1024 2701 Soli,

176 2716 320 2777 Criminis
340 2724 374 2775 ut
392 2717 506 2776 vindex
532 2714 645 2774 Cressa
669 2715 708 2774 sit
730 2733 808 2772 urna
829 2712 881 2770 tui,

417 2880 551 2964 Δηθύνει
573 2877 775 2962 Κλεοφάνης.
948 2879 1045 2959 ζ(52)

135 2971 177 3031 Ut
194 2979 296 3030 cessat
318 2968 535 3045 Cleophantis?
554 2968 651 3026 adhuc
672 2968 732 3024 iam
754 2967 844 3025 tertia
867 2965 970 3042 coepit

177 3055 306 3113 Lumine
322 3054 498 3133 languidulo
517 3072 610 3131 parca
630 3053 752 3110 lucerna
771 3051 859 3109 mori.

135 3139 309 3216 Ahpercat
329 3140 430 3198 cordis
453 3140 497 3198 sic
519 3140 649 3209 flamma,
671 3145 704 3204 ut
725 3138 846 3194 flamma
864 3135 1022 3194 lucernae:

176 3223 245 3284 Nec
267 3244 315 3283 me
335 3224 476 3303 pervigili
493 3230 608 3282 torreat
627 3223 680 3280 illa
701 3223 776 3279 face.

136 3310 184 3367 Ah
206 3310 325 3385 quoties
350 3311 498 3370 Venerem
519 3309 671 3366 iuraverat
693 3307 799 3379 affore,
823 3306 918 3380 pn'mo

177 3394 334 3471 Vespere?
355 3394 568 3467 nilhominus,
592 3393 634 3451 nil
655 3393 729 3451 iacit
746 3391 802 3450 illa
819 3390 912 3451 Deos.

780 3572 843 3634 18*
