2604 4210
516 340 667 435 —s-ss-

131 510 229 571 Adsis
246 509 318 583 Dia,
338 511 491 570 hominurn
510 511 654 589 frangens
674 509 801 568 audacia
821 509 912 582 laets,

132 595 178 656 Ut
197 614 318 673 semper
339 595 450 654 iustam
471 615 568 671 aequa
588 596 688 653 ferant
710 593 840 672 vestigia
861 594 963 666 vitam,

134 679 281 742 Omnium
302 680 353 756 qui
373 688 471 739 terrae
490 689 653 740 vescuntur
673 698 797 738 munere
819 678 935 756 opimo,

132 769 234 840 Atque
246 765 432 843 animantum
445 765 549 839 alium,
573 784 710 842 quaeque
727 764 833 822 educet
845 764 1047 839 omniparenti

133 850 226 912 Alma
247 850 315 909 sinu
336 850 439 924 tellus,
460 859 489 909 et
510 870 587 926 quae
606 850 697 909 maris
721 867 889 924 aequoreus
914 849 982 908 Dis.

474 1018 563 1096 [repis
582 1038 705 1078 carmen.
1006 1020 1046 1079 63

134 1097 335 1182 Ooeligeunm
348 1112 438 1178 atque
450 1103 602 1162 hominum
617 1104 737 1181 genium
751 1111 780 1162 te
792 1103 874 1161 Diva
885 1121 962 1163 voco
970 1103 1047 1177 Lex,

134 1188 318 1260 coelestem,
341 1189 515 1261 astrifioem,
535 1209 636 1247 rerum
658 1208 818 1248 commune
841 1188 990 1266 sigillum

134 1274 255 1347 Terrai,
279 1273 423 1348 aequorei
443 1270 523 1346 sali',
545 1282 730 1351 naturaeque
752 1282 913 1333 statumen.

135 1358 271 1420 Consors
294 1366 324 1416 et
346 1365 486 1416 constans
511 1377 638 1419 servans
662 1361 740 1418 bene
758 1359 877 1437 legibus
899 1368 1013 1436 aptum,

135 1443 212 1518 Quis
234 1452 266 1502 tu
288 1443 315 1502 is
337 1462 519 1519 componens
541 1444 619 1504 coeli
639 1444 823 1503 imwortalia
842 1445 919 1517 iura,

133 1530 175 1588 Et
198 1524 289 1604 qunti'
312 1527 478 1586 sublesta'm
499 1529 645 1587 invidiam
667 1527 816 1606 vertigiui’
838 1529 913 1587 ritu:

135 1614 197 1690 Qui
220 1615 299 1673 bona
320 1613 373 1671 dns
392 1608 473 1671 ritae
492 1610 663 1672 mortalibu'
684 1614 788 1672 munia
807 1613 901 1671 obire.

135 1697 213 1760 Sola
229 1698 340 1757 etenim
362 1698 517 1756 moderare
534 1698 720 1756 animantum
743 1706 851 1756 cuncta
871 1699 1017 1775 guberna,

135 1783 282 1844 Consiliis
304 1802 430 1842 cernens
452 1784 722 1843 observantissima
743 1783 848 1841 rectis:

136 1867 246 1941 Cassa,
265 1876 403 1945 experta,
425 1886 524 1927 comes
548 1868 636 1928 iustis
657 1868 781 1926 innoxia
802 1886 932 1944 semper,

135 1952 330 2030 Iniustosque
348 1953 535 2013 labefaciens
557 1949 723 2031 ingentibu'
745 1954 843 2012 noxis.

137 2036 199 2098 sed
221 2040 394 2098 veneranda
406 2039 589 2115 opulentifer
604 2039 736 2098 omnium
753 2057 880 2096 amoena
892 2037 1043 2114 voluptas,

134 2123 197 2184 Fae
215 2125 259 2181 tui
280 2144 334 2193 nos
352 2143 512 2197 memores,
536 2125 677 2202 aspirans
704 2144 815 2183 nomen
834 2124 973 2182 amioum.

400 2294 545 2353 Mauortis
566 2295 707 2370 suffimen,
727 2303 781 2352 tos.
1006 2291 1047 2351 64

133 2375 726 2454 Magnanime‚impavide,invicteatque
740 2379 906 2454 asperrime
915 2379 1046 2449 Mavors,

135 2459 298 2531 Indomite,
322 2461 518 2535 armipotens,
535 2463 697 2537 parricida,
718 2463 920 2540 impetimure,

136 2544 311 2621 Marspiter,
331 2565 349 2601 o
372 2546 588 2620 ereperiorepe,
610 2547 681 2604 tabo
706 2554 736 2604 et
755 2547 901 2624 sanguine
915 2547 1046 2620 stillans,

137 2629 303 2708 Sanguinis
327 2629 451 2686 humani
473 2629 578 2688 sitiens
595 2630 771 2708 belliorepo,
790 2638 886 2704 torve,

136 2716 283 2787 Ensibus,
305 2721 394 2789 atque
416 2714 579 2772 inamoena
598 2715 702 2774 colens
724 2717 890 2775 certamina
912 2717 1011 2776 runis:

138 2800 221 2862 Siste
243 2798 386 2870 duellum,
410 2808 439 2858 et
462 2799 613 2859 cordolios
636 2801 793 2875 requiesce
811 2801 966 2873 tumultus,

138 2886 234 2962 Inque
254 2885 430 2944 venustatis
450 2885 548 2957 divae,
571 2893 601 2943 et
624 2885 729 2944 Brumi
753 2887 814 2945 otia
834 2886 895 2958 dia,

138 2971 180 3030 Et
200 2989 309 3030 munus
330 2968 456 3029 Cereale
478 2969 572 3028 duelli
593 2970 695 3028 confer
716 2990 863 3042 amorem3

140 3053 266 3132 Semper
282 3074 389 3133 paoem
409 3063 528 3132 optans,
553 3056 664 3114 vietum
687 3065 717 3113 et
738 3075 771 3114 re
792 3075 866 3133 oope
885 3057 1044 3133 vigentem.

342 3226 462 3286 Volsoni
480 3227 619 3302 suffimen,
639 3228 853 3284 libunomanna.
1005 3225 1044 3283 65

138 3308 271 3368 Volcane
294 3312 497 3386 omnipotens,
519 3311 696 3384 fortissime,
723 3312 903 3385 flammaque
922 3328 1044 3387 perpes,

140 3393 248 3472 Ignitis
272 3396 384 3456 florens
404 3397 497 3469 auris,
519 3394 654 3455 Lucetiu‘
678 3396 757 3471 dius,

138 3478 296 3553 Lucerias,
317 3482 443 3556 Viriate,
466 3481 551 3540 Nero
574 3490 707 3555 aeterne,
735 3481 961 3558 artipotensque

137 3562 319 3641 Ferriiaber,
339 3587 506 3645 purumque
525 3567 716 3642 elementum,
736 3567 837 3647 portio
858 3567 972 3641 mundi,
