2604 4210
635 327 786 422 gre—

254 496 333 557 Iuno
355 497 496 569 Fluonia,
517 495 701 572 circinoque,
723 504 754 554 et
773 496 1042 575 Vortumnifigura,

254 583 295 642 Et
314 583 445 642 maiesta
467 582 590 654 curulis,
608 583 797 657 honoreque,
820 582 945 656 iuraque
967 582 1099 653 dictans,

256 665 384 744 Semper
406 685 501 727 ovans
525 686 617 743 supra
636 686 740 745 regum
760 674 860 743 caput,
879 666 1098 743 induperatrix.

255 752 420 830 Intrepida,
441 751 666 824 omnidomans,
688 769 791 829 parca,
814 753 979 824 flammata,
1002 750 1127 809 Tenira.

255 837 326 897 Flos
350 836 430 897 vitae
450 845 603 911 aeternae,
626 837 817 910 immortalis,
838 835 1118 895 Mammuriae'vir.

255 922 370 983 Omnia
389 930 422 982 tu
442 922 511 982 sola
532 941 582 982 es:
613 941 742 998 namque
765 922 868 981 omnia
888 929 921 979 tu
939 922 1024 999 paris
1047 922 1128 999 ipsa.

255 1007 358 1083 Quare
379 1008 432 1066 ted
453 1028 507 1067 oro
530 1027 596 1065 cum
618 1003 724 1066 ditibu'
748 1006 981 1084 Temperiabus,

254 1093 428 1169 Pacemque
449 1100 540 1168 atque
561 1092 691 1152 salutem
713 1112 782 1171 age,
802 1101 833 1150 et
855 1091 1005 1150 omnifera
1026 1089 1175 1167 augmina

769 1218 772 1223 »
863 1195 973 1235 rerum.

259 1346 297 1403 10
391 1345 491 1404 Fauni
509 1347 650 1421 suffimen,
672 1347 859 1404 odoramenta
881 1347 1041 1421 omnipcuc.

254 1430 359 1489 Fauue
380 1429 453 1487 ades
475 1431 589 1507 Upilio,
608 1428 712 1487 mundi
735 1430 906 1489 substantia
925 1437 1021 1503 totus,

255 1512 392 1588 Caelum,
413 1515 498 1575 salsa
519 1515 623 1587 maris,
645 1516 738 1572 terrai
759 1514 888 1573 daedala
908 1515 1010 1587 sodes,

255 1595 378 1676 Spiritu'
391 1600 541 1659 flammai:
563 1618 695 1676 namque
710 1601 786 1657 haec
799 1600 935 1658 membra
948 1599 1053 1658 omnia
1061 1598 1172 1657 Fauni.

253 1684 391 1762 Pervage
411 1685 528 1759 Faune,
552 1684 628 1758 Sali,
651 1685 828 1762 collegaque
852 1685 1095 1762 Temperiarum,

226 1784 229 1801 ¹
255 1769 403 1847 Capripes
424 1780 455 1828 et
472 1771 616 1844 fanatice,
639 1777 757 1839 orator,
779 1769 976 1848 siderivolge:

253 1851 382 1914 Vocibu'
406 1857 577 1917 flexanimis
600 1856 704 1913 mundi
725 1862 873 1915 concentu
888 1855 1034 1932 figurans,

252 1940 422 2000 Larvarum
442 1941 556 2014 Titule,
577 1941 741 1999 humanum
758 1939 905 2016 remeligo
929 1948 1108 2010 tremorum,

252 2025 384 2100 Propter
414 2023 508 2105 aquas
539 2025 675 2104 gaudens
706 2025 883 2101 pastoribus
904 2033 995 2101 atque
1017 2023 1172 2096 bubulcis,

254 2108 436 2180 Collimans,
457 2111 558 2182 velox,
578 2110 656 2168 Alae
677 2107 764 2187 igui',
787 2110 896 2170 sodali'
916 2111 1070 2182 Virarum,

253 2194 437 2271 Omnigena,
456 2195 665 2272 omnigeneus,
685 2215 785 2254 rerum
807 2195 959 2255 celebrata
977 2203 1130 2272 potestas:

252 2279 485 2355 Mundiparene,
504 2278 631 2352 Lucine,
654 2281 789 2352 luturue,
810 2285 973 2353 Autumue,
993 2281 1137 2340 nutritor:

252 2365 422 2438 Autricola,
445 2365 605 2438 irritabili’,
627 2366 693 2424 iure
711 2366 792 2425 Iovis
815 2366 1025 2443 capricornus,

253 2450 290 2507 In
313 2458 343 2508 te
365 2469 437 2533 nam
460 2452 638 2528 omniparae
658 2452 751 2510 terrai
775 2458 857 2510 stant
876 2452 946 2509 sola
963 2452 1038 2521 fixa,

251 2536 379 2593 Aeterni
404 2544 434 2593 et
454 2537 564 2595 cedunt
585 2536 732 2595 laetantia
753 2555 901 2594 marmora
922 2536 1027 2608 Ponti,

251 2620 293 2679 Et
314 2627 425 2678 terram
449 2623 592 2682 Oceanus
614 2622 749 2681 lustrans
770 2622 949 2680 anfractibu’
970 2620 1083 2681 salsisz

251 2704 412 2780 Portioque
434 2708 528 2779 aeria,
548 2707 719 2783 ignipotens
740 2706 884 2765 alimonia
902 2725 1014 2778 rerum,

251 2789 292 2849 Et
314 2800 403 2866 ceput
424 2792 464 2849 ad
486 2810 636 2851 summum
662 2792 799 2869 pernicia
817 2790 933 2849 lumina
952 2793 1103 2850 flammae.

253 2873 336 2934 Nam
358 2884 500 2936 concreta
522 2885 575 2936 tuo
597 2876 726 2953 imperio
749 2878 825 2936 haec
847 2885 972 2935 aeterna
992 2877 1160 2934 ferunturz·

250 2958 460 3037 Naturamque
478 2962 539 3021 tuis
558 2970 658 3020 mutae
679 2957 854 3037 pollentibu'
875 2961 982 3035 iussis,

249 3045 414 3105 Multorum
437 3055 563 3106 auctaas
585 3047 616 3105 in
636 3054 719 3105 terra
739 3046 880 3107 mortalia
898 3047 993 3106 secla.

249 3130 333 3209 Ergo
356 3140 443 3206 pater
462 3131 607 3204 fanatice,
630 3140 745 3205 orator,
768 3132 903 3190 adhaec
924 3140 978 3189 tua
999 3131 1063 3188 liba

246 3214 335 3288 Viae,
359 3224 389 3274 et
404 3217 479 3275 vitai
500 3218 579 3275 bene
599 3217 697 3277 donce
720 3218 803 3275 exita
821 3218 913 3290 iusta,

249 3299 424 3360 Externans
444 3301 540 3361 Inuos
561 3310 693 3361 terrores
716 3303 820 3360 finibu’
843 3311 951 3360 terrae.

254 3468 290 3525 11
420 3471 555 3529 Herodis
577 3470 673 3546 Scapt
694 3472 777 3530 Fida·
797 3472 939 3545 cuffiam,
957 3481 1012 3529 tus.

251 3551 353 3630 Sango
373 3563 462 3630 pater
481 3554 603 3627 Titane,
624 3554 723 3627 Nero,
744 3555 861 3614 Nerien
881 3556 1000 3627 viriste,
