2560 4216
637 346 791 442 Att-

300 513 455 575 Oanaertia
477 514 572 574 labria
595 517 635 575 ad
655 535 724 575 mea
744 516 831 575 labra
852 517 934 578 auiet

260 684 357 762 ζ(16)
530 677 686 765 qudeom
710 683 761 746 τὸν
776 679 912 764 Ἔρωτα.

257 772 338 832 Acer
358 772 454 830 Amor
473 770 553 846 lecto
579 771 703 847 paribus
727 789 761 828 ae
781 769 906 830 sustulit
923 770 980 830 alie

299 854 404 914 Prima
421 856 499 914 luce.
520 855 609 930 Quis,
630 875 659 927 0,
682 854 782 927 dicite,
804 854 878 913 vidit
898 855 988 913 eum?

257 938 356 999 Dulce
378 960 455 1018 puer
475 940 630 999 lacrimat:
651 939 803 1016 petulans,
825 940 995 1015 almumque
1016 942 1152 1001 renidet:

300 1026 422 1103 Aliger:
449 1046 487 1084 ex
508 1026 642 1084 humeris
661 1026 744 1101 picta
764 1025 907 1101 pharetra
930 1033 1030 1084 sonat

258 1108 321 1171 Sed
338 1121 427 1188 patre
447 1130 507 1186 quo
527 1110 657 1188 genitus,
671 1110 715 1167 nil
728 1109 799 1167 dum
811 1110 885 1168 acia.
908 1110 1044 1171 Lucidua
1058 1113 1173 1185 aether,

299 1195 397 1255 Terra
418 1196 526 1268 ferum,
549 1204 579 1254 at
599 1203 713 1273 pontus
733 1187 935 1272 progenuisse
958 1205 1083 1274 negant.

174 1299 178 1307 ’
259 1280 398 1340 Oderunt
419 1299 526 1339 omnes
546 1282 681 1340 omnino.
704 1283 744 1339 At
766 1280 911 1354 quaerite,
931 1280 959 1338 ai
979 1301 1040 1357 qua

300 1365 435 1424 Ineautia
458 1366 568 1424 animis
589 1367 668 1425 retia
689 1365 786 1423 tendit
804 1365 911 1423 adhue.

258 1452 359 1525 Atque
381 1467 484 1508 eccum
504 1450 536 1507 in
554 1448 690 1509 latebris.
712 1449 817 1522 Video,
839 1450 996 1509 iaculator.
1018 1451 1052 1511 in
1074 1452 1153 1530 ipaia

300 1535 485 1612 Zenophilea
509 1534 617 1608 oeulis,
641 1555 660 1594 0
682 1535 818 1613 fugitive,
838 1533 927 1595 latee.
1121 1538 1124 1539 ⁷

257 1703 356 1781 ((17)
521 1698 694 1763 Πωλείσθω
718 1701 769 1767 καὶ
791 1702 913 1783 ματρὸς.

257 1789 406 1862 Vaeneat,
431 1796 461 1846 et
481 1788 595 1866 gremio
615 1788 810 1863 requieaeena
834 1790 939 1848 matris
961 1788 993 1846 in
1013 1786 1111 1866 ipeoz‘

299 1875 447 1932 Vaeneat·
472 1873 652 1931 indomitum
674 1893 726 1932 cur
747 1892 842 1951 genua
865 1874 947 1932 istud
967 1874 1038 1932 alo?

256 1960 297 2020 Et
318 1959 439 2030 simum,
464 1967 494 2016 et
513 1958 634 2016 volucre
653 1967 710 2031 eat,
727 1968 757 2016 et
770 1968 873 2019 acutae
885 1959 1030 2034 imprimit
1042 1976 1171 2038 ungnes,
1273 2036 1274 2041 η

299 2045 339 2101 Et
357 2041 422 2101 risu
444 2042 475 2099 in
495 2041 603 2101 mediis
624 2043 745 2102 fletibus
769 2063 824 2103 ora
845 2044 964 2120 quatit.v
1273 2044 1274 2057 ¹

257 2127 423 2186 Praeterea
443 2126 619 2202 durumque,
642 2127 826 2205 loquaxque,
849 2138 880 2187 et
897 2129 1011 2187 lumine
1033 2118 1182 2201 vibranq'

301 2211 398 2284 Quem
421 2230 520 2287 neque
540 2221 731 2271 mansuetum
755 2213 867 2273 dixerit
886 2214 956 2291 ipsa
975 2232 1102 2289 parens.

258 2297 358 2356 Totus
380 2296 558 2374 prodigium.
583 2295 646 2357 Sed
668 2309 805 2358 vaeneat.
828 2300 948 2359 institor
969 2298 1063 2359 adaia.

302 2380 336 2442 Si
358 2382 412 2440 tibi
435 2382 619 2459 mancipium
639 2401 711 2441 cura
732 2404 853 2459 parare,
876 2385 956 2443 veni.

258 2468 328 2527 Flet
345 2476 459 2541 tamen,
480 2485 560 2526 eece.
579 2468 664 2526 Bono
679 2468 779 2527 animo
792 2488 835 2528 es.
845 2477 876 2528 te
887 2486 945 2528 non
960 2470 1169 2546 egerendum,

300 2552 361 2610 Hie
382 2571 449 2610 cum
472 2553 645 2630 Zenophila
665 2553 744 2625 vive,
771 2554 921 2629 simulque
944 2572 1044 2611 mane.

260 2721 354 2798 ((l8)
486 2714 588 2793 ,Εἶπε
609 2718 765 2808 Aeaeam
786 2719 914 2803 Δορκὰς.

258 2806 391 2879 Dareus,
414 2808 453 2879 ei,
475 2825 553 2882 quae
576 2826 610 2865 se
636 2806 933 2879 simulabatamare,
956 2807 1103 2882 Lyeaeni,

301 2890 371 2964 Die,
394 2900 483 2968 capta
502 2910 553 2963 es3
574 2890 679 2949 Patuit
700 2900 836 2969 tempore
859 2894 947 2951 fletus
971 2895 1074 2951 Amor.

260 3060 356 3139 ζ(20)
514 3054 577 3127 Νὺξ
601 3056 714 3140 μακρὴ,
739 3058 791 3119 καὶ
812 3063 918 3141 χεῖμα.

259 3145 337 3206 Nox
357 3146 459 3204 media
480 3154 528 3204 eet
549 3154 579 3203 et
601 3145 699 3205 saevit
709 3146 805 3204 hiems
815 3168 828 3203 :—
846 3146 946 3204 media
959 3145 1073 3204 oceidit
1084 3146 1166 3205 undia

302 3230 421 3289 Pleiaa:
446 3250 501 3307 ego
523 3230 561 3288 ad
583 3229 735 3289 Dominae
757 3231 906 3307 perptuor
925 3231 1022 3289 imbre
1042 3230 1131 3290 fores.

259 3316 339 3377 Uror
360 3335 460 3374 amore
480 3315 626 3374 Helenae.
650 3310 732 3373 Nam
755 3325 825 3374 sunt
847 3335 884 3374 ea
906 3317 967 3373 tela
990 3315 1119 3389 doloris,

301 3399 370 3459 Non
394 3418 488 3473 amor,
511 3420 527 3458 e
547 3400 653 3476 rapido
673 3418 749 3475 quae
772 3400 844 3458 iacit
863 3401 933 3478 igne
954 3398 1070 3461 venua.
