2560 4216
501 375 651 471 -κοι-

246 541 438 688 μιοροβρήγὶη,
459 539 566 605 πόακτι
584 543 664 628 τῷδε
683 541 801 614 πόκαζι
824 541 933 625 κόμην.

119 629 170 702 11,
181 629 231 689 51.
277 646 375 708 τργαμ
417 647 448 688 εν
463 625 662 712 πόμφδηυαν.
674 625 762 712 όπλιρ
777 627 947 730 οτλτγγίζιρ
960 648 1029 711 κυρ-

11 740 13 747 ·
248 709 504 794 οδχοότυςόγνα
531 710 1029 796 εδςλιυκδνόφαυματριβει.[τῷ.

11 834 13 839 -
120 798 171 872 11,
182 795 233 857 52.
249 793 348 898 ἀγμήν
392 793 478 877 ρῖδος
501 735 553 879 όην
577 797 651 882 βοός
672 797 826 878 μετώπου.

248 878 347 948 δοξιις
387 877 554 963 ινοκέρωτα
577 880 611 964 μ’
626 879 717 944 αὐτὸν
739 878 826 942 εἶναι.
928 918 932 928 1

120 966 170 1038 11,
181 963 233 1026 51.
249 963 277 1025 εἰ
299 966 354 1025 σοῦ
376 965 448 1030 παῖς
470 965 584 1027 κλαίων
604 965 647 1032 τίς
659 964 717 1026 ἀπ’
734 963 867 1048 αὐχένος
877 962 1029 1048 ήόρηται,

248 1045 359 1129 νηπιέη
385 1046 462 1109 οείοι
484 1049 600 1113 κιυτίλα
624 1053 746 1131 οεῖυτρα
765 1048 844 1133 χερί.

122 1133 170 1207 11,
181 1134 233 1203 5⁵.
248 1131 304 1194 οῦκ
322 1128 357 1194 ἂν
370 1128 475 1214 μοίυτιξ
489 1134 530 1217 ἥδ
538 1131 557 1210 ’,
572 1135 600 1196 εί
615 1134 666 1196 καὶ
680 1132 785 1217 τρέχοι
797 1133 897 1207 ἵππος,
911 1130 1029 1214 όνήυαι,

249 1217 276 1279 εί
298 1213 329 1297 γ’
354 1215 644 1281 ἱππουτυιυίιυνέυτ’
665 1218 726 1281 ἀπδ
748 1239 807 1299 πορ
835 1214 945 1299 υρόιυν.

122 1302 171 1405 14,
180 1301 232 1362 79.
246 1299 428 1406 παίζετενῦμ
438 1301 653 1406 ίταμολ(μόγογ
663 1240 1030 1409 ογότὰρπαίζαττ)δοῦλοι.

123 1470 233 1544 ατο.
247 1383 872 1554 3111111ζὲ6,δίὲἰλέἷιίΐίέἐιῗόό
894 1406 1031 1551 1666..

248 1552 350 1616 παισὶν
374 1552 517 1638 ἐπαχδέα
540 1555 606 1639 μὲν,
626 1554 835 1640 παιδοτρίβαις
856 1492 891 1617 &g
914 1553 999 1637 φίλα.

125 1640 173 1711 11,
183 1639 234 1699 57.
250 1636 323 1722 ὄμμ’
336 1633 616 1720 οῦΒιργιλίοιο,καλ
630 1639 687 1702 οῦκ
700 1637 774 1706 ἔπος
782 1638 864 1703 εἶπεν
875 1634 1031 1720 Ὁμήρου,

249 1719 285 1784 ἔκ
304 1744 337 1784 τε
362 1720 459 1803 μόρου
482 1723 596 1808 υυνέφυ
618 1728 707 1786 τοῦτο
731 1724 781 1785 καὶ
805 1722 839 1785 ἐκ
862 1722 1009 1807 βαλάνου.

125 1809 172 1881 11,
183 1807 235 1867 69.
251 1803 388 1891 βάλσαμ’
405 1806 466 1888 ἐγὼ
476 1808 693 1892 πεφίληκατδ
709 1805 766 1889 γὰρ
783 1807 877 1891 μόρον
892 1805 1031 1887 ἀνδρικόν

248 1895 302 1974 τής
314 1890 431 1973 κόσμου
447 1891 481 1952 δὲ
494 1897 611 1977 τρυφῆς
626 1890 712 1964 όζττε
724 1890 805 1973 δήλυ
820 1889 917 1974 γόνος.
930 1932 933 1939 .
944 1888 1032 1969 [ἐστι.

126 1975 256 2050 13,126.
271 1976 312 2059 μὴ
323 1975 392 2037 λίπε
399 1975 584 2062 κληρονόμῳ
592 1981 637 2064 τῷ
645 1981 691 2060 σῷ
700 1976 792 2060 μόρα,
801 1977 842 2060 μή
849 1998 882 2038 τι
896 1973 1032 2038 σδυίνον.

250 2059 350 2143 κέρμα
365 2057 457 2141 μόνον
474 2062 610 2126 κτοὶοδιυ.
632 2062 679 2124 σοὶ
693 2060 725 2123 δ’
736 2061 795 2124 όλα
807 2065 902 2124 ταῦτα
916 2059 1012 2123 δίδου.

128 2147 235 2218 13,15.
249 2144 351 2231 χωρία
373 2139 531 2230 Νωμέντιμ
550 2148 643 2211 ναίων
667 2145 831 2230 σόγχορτα,
855 2146 983 2229 γεωργὲ,

252 2228 386 2312 μέμνητ’
411 2228 454 2295 τίς
476 2229 562 2293 αῦλιν
583 2233 720 2314 κάγκανα
744 2233 825 2292 κᾶλα
846 2230 960 2315 φέρειν.

128 2315 175 2388 11,
186 2315 236 2376 60.
252 2309 1035 2400 δῦρονδνήδδλάβοις,ρυτίδεπσιτεγαυτρδςάρηρδς

252 2399 296 2465 είς
317 2397 479 2481 βαλανεῖον
503 2400 584 2462 ίοῦο’
602 2399 697 2483 ἤματι
717 2399 881 2482 μεσσατίῳ.

129 2484 176 2557 11,
186 2486 238 2546 61.
252 2483 334 2564 ἡμᾶς
356 2481 500 2565 αὐλητρὶς
522 2488 607 2590 ρυσᾷ
628 2483 787 2566 μεθύουσα
809 2481 958 2563 γνοίδοιαι.

252 2568 303 2629 καὶ
326 2569 371 2649 πή
393 2568 447 2648 μὲν
470 2568 626 2650 διδυμοος,
645 2572 691 2650 πή
712 2566 746 2628 δὲ
767 2565 920 2648 μόναυλον
941 2563 1017 2650 ἔχει.

129 2654 176 2725 11,
186 2655 237 2714 66.
253 2649 347 2733 εὐρέα
371 2652 497 2736 ταυρείη
525 2651 661 2736 σφίγξ-αις
679 2649 716 2713 ἂν
740 2650 855 2733 στήθεα
875 2650 985 2735 βόρυη.

254 2735 291 2799 οῦ
310 2733 419 2818 χαδέει
440 2734 553 2804 πέυκος
569 2735 667 2798 τιτθία
689 2739 754 2798 σεῖο
774 2734 856 2797 τόδε.

129 2822 271 2902 11,67.ή
296 2818 386 2902 μυίας
405 2820 559 2905 σοβέουαα
581 2825 652 2904 τεής
671 2820 733 2885 ἀπὸ
752 2821 855 2887 δαιτὸς
877 2818 1013 2886 ἀναιδεῖς

252 2903 289 2989 ἦν
312 2902 388 2986 οῦρή
408 2910 523 2988 πτηνοῦ
547 2905 698 2990 μυιοσόβη
720 2907 891 2988 γλαφυροῦ.

129 2992 241 3065 11,71.
256 2986 426 3056 αὐσταλέος
445 2991 529 3072 λιτὴν
552 2991 579 3053 εἰ
601 2994 695 3074 χνοῦς
717 2987 833 3070 ἐσθῆτα
856 2988 1006 3070 ρυπαίνοι,
1029 2984 1036 3013 ’

253 3071 363 3156 κέρκος
385 3073 545 3158 ἀπορήσαι
567 3074 656 3137 τόνδε
677 3072 883 3154 τιναξάμενος.

24 3240 25 3251 γ
130 3160 177 3233 11,
187 3161 238 3221 68.
254 3152 367 3219 δοόλου
383 3157 570 3241 ἁμαρτόντος
586 3160 627 3242 μή
650 3157 707 3226 πὺξ
727 3156 887 3239 τόπτηυον,
898 3154 1034 3225 ὀδόντας.

253 3242 290 3325 ἢν
309 3241 344 3303 δὲ
363 3237 475 3310 Ῥόδος
494 3245 607 3326 κοπτήν
630 3241 762 3326 πέμψεν,
785 3238 885 3303 ἔδοιτυ
909 3239 1012 3323 μόνον.

130 3329 239 3402 11,81.
253 3331 370 3409 γυμνοῦ
390 3326 544 3409 ὑπηνήτου
566 3328 648 3411 πήρη
673 3326 713 3410 μή
739 3325 852 3408 δόρπον
875 3325 976 3409 ἀεῖραι

255 3412 362 3485 δεῖται,
386 3412 533 3494 όμιλήυαι
560 3413 600 3494 μή
627 3434 660 3473 τε
681 3412 747 3474 κυνὶ
768 3415 914 3494 στυγερῷ.

130 3500 178 3572 11,
188 3502 239 3562 82.
254 3495 582 3580 ὡςπολότιμονχρήμα
592 3494 927 3580 σάρυνπέλε,μοίρτυςό
938 3493 1035 3578 φοῖνιξ

256 3579 328 3645 ἐστί.
348 3582 540 3664 κατήργηται
562 3584 613 3643 νῦν
639 3579 670 3642 δ’
688 3581 841 3645 ἀνάλεκτα
864 3579 967 3664 σάρον.
