2502 4218
660 344 812 441 jz-

272 509 383 582 Ἥλιος
403 510 580 589 Ἀπόλλων,
601 510 653 572 καὶ
674 513 692 574 ύ
710 511 876 575 Ἀπόλλων
899 510 997 593 ἥλιος.

271 594 364 683 Ἥλιρ
386 598 437 660 τὸν
459 595 547 680 ἧλον,
569 597 715 680 παττάλῳ
738 598 790 660 τὸν
809 597 974 658 πάτταλον.

274 681 386 765 Ἡμεῖς
405 680 462 764 γὰρ
487 677 559 742 οὔτε
578 676 705 763 θέομεν,
725 679 792 743 οὔτ’
816 679 999 761 ἐλαύνομεν.

274 764 367 849 Ἡμῖν
386 765 522 828 πόνοισιν
547 762 648 845 ἀγαθὰ
671 766 813 828 πωλοῦσι
834 763 913 826 Θεοί.

254 842 367 933 ΙἯμῖν
393 848 512 933 ἐπιρέῖ
533 851 660 932 πρᾶγμα
679 848 968 931 τούξαντλούμενυν.

273 933 332 1000 Ἦν
356 935 397 1018 μὴ
419 871 572 1016 καύαίρης
595 935 647 995 καὶ
670 932 795 1017 άλέσης,
815 933 852 996 οῦ
875 933 916 1015 μη
941 933 1059 1016 φάγοις.

281 1017 451 1087 Θαλάττιύς
470 1017 500 1100 γ’
523 1014 565 1080 ὢν
590 1018 661 1100 μήτι
679 1021 828 1120 χερσαῖος
848 1021 950 1100 γενοῦ.

281 1105 361 1172 Θεδς
380 1100 574 1184 λαλούμενύς
594 1124 628 1163 τε
650 1103 801 1186 κορκλητος
822 1103 916 1184 πάρα.
947 1154 950 1161 .

281 1189 363 1254 Θεοῦ
387 1189 413 1251 δ’
438 1184 556 1254 ὄνειδος
572 1186 651 1254 ’τούς
671 1186 786 1255 κακούς
806 1186 1012 1268 εὐδαιμονεῖν.

203 1281 209 1294 ’
281 1273 364 1338 Θεοῦ
389 1272 424 1334 δὲ
448 1268 548 1354 δῦρύν
571 1270 649 1333 ἐστιν
671 1269 810 1355 εὐτυχεῖν
834 1269 971 1356 βροτούς.

281 1357 364 1422 Θεοῦ
384 1354 532 1422 θέλοντος
547 1351 601 1438 κᾷν
627 1355 676 1418 ἐπὶ
700 1356 786 1438 ριπδς
806 1355 922 1424 πλέοις.

282 1441 355 1526 Θεῷ
377 1439 534 1524 μάχεσθαι
555 1438 653 1501 δεινύν
674 1439 811 1503 ἐστικαὶ
832 1439 921 1524 τύχη.

281 1525 347 1610 Θὴρ
370 1523 509 1591 ποικίλος
532 1523 599 1607 μὲν,
621 1523 739 1609 δητέρα
761 1526 792 1587 δ’
817 1523 852 1588 ού
876 1525 1018 1607 ληπτέος.

282 1610 405 1694 Θρασδς
426 1610 503 1693 πρδς
526 1607 613 1692 ἔργον
639 1608 718 1671 ἐστὶν
742 1609 776 1672 ἐκ
793 1611 913 1672 πολλοῦ
936 1607 1039 1677 κακύς.

281 1694 389 1777 Θυμοῦ
411 1693 468 1776 γὰρ
490 1693 580 1756 οῦδὲν
604 1692 681 1756 ἄλλο
705 1698 811 1777 γῆρας,
834 1693 913 1775 πλὴν
935 1692 1051 1756 θανεῖν.

281 1779 403 1864 Θύραζε
425 1775 539 1861 Κᾶρες.
560 1777 617 1840 οῦκ
641 1776 683 1840 ἔτ’
701 1777 915 1861 Ἀνδεστήρια

275 1862 358 1927 Ἰδού
381 1885 417 1944 γε
439 1864 543 1931 καινὸς
562 1861 667 1924 οὑτοσὶ
690 1861 899 1947 Παλαίφατος.

271 1943 340 2014 Ἵνα
357 1948 400 2029 μή
424 1969 458 2008 σε
481 1948 572 2032 βάψω
597 1945 706 2030 βάμμα
725 1945 938 2030 Σαρδινιακύν.
1017 1970 1021 1977 ’

278 2029 365 2115 Κᾷδ’
389 2032 493 2113 ὥσπερ
514 2032 545 2093 αἱ
567 2029 668 2092 τιτῦαί
686 2053 732 2113 γε,
757 2031 875 2102 σιτίζεις
897 2035 1009 2098 κακῶς.

278 2115 341 2181 Καὶ
364 2115 401 2197 δὴ
426 2114 535 2196 γένοιτ’
562 2113 597 2177 ἂν
620 2116 735 2183 παντὸς
758 2115 792 2177 ἐκ
812 2115 905 2184 ξύλου
924 2115 1008 2179 κίιυν.

279 2199 342 2265 Καὶ
385 2200 466 2268 άντις
488 2200 530 2262 ὢν
552 2198 675 2281 άριστος
698 2199 837 2284 ἐσφάλου
858 2199 944 2262 ποτέ.

279 2283 342 2349 Καὶ
363 2225 459 2347 δἸύθά
485 2284 547 2346 ἐστὶ
566 2282 663 2346 ταῦτά
686 2307 735 2347 σοι
757 2285 808 2347 καὶ
830 2286 940 2367 Δήλια.

279 2367 394 2435 Καινύν
415 2390 450 2450 γε
476 2369 584 2453 μηδὲν,
607 2371 724 2452 μᾶλλον
747 2367 786 2432 αύ
807 2367 990 2433 Φοινικικόν.

278 2452 401 2538 Καιροῦ
425 2455 527 2537 τυχὼν
553 2454 569 2516 ὁ
592 2456 717 2539 πτωχὸς
736 2453 836 2538 ἰσχύει
860 2453 948 2536 μέγα.

279 2536 385 2602 Κακύν
401 2560 437 2618 γε
461 2540 561 2621 δῶρον
584 2537 650 2601 ἶούν
676 2539 740 2601 ἐστι
763 2539 866 2622 ζημίη.

279 2620 384 2686 Κακδν
406 2623 440 2685 τὸ
462 2623 556 2686 καλὸν
583 2624 653 2707 μήτι
674 2629 727 2687 τοῦ
747 2628 856 2706 καιροῦ
880 2623 982 2706 τυχὸν.

279 2704 384 2773 Κακδς
401 2711 488 2790 κακιγῦ
509 2706 566 2791 γὰρ
591 2708 769 2792 συντέτηκεν
795 2708 904 2790 ἡδονῇ.

278 2789 377 2875 Κακηῦ
399 2791 505 2875 βάδιζε
528 2792 609 2876 μηδὲ
629 2793 683 2875 τὴν
706 2792 800 2875 αὐτὴν
823 2790 906 2855 ύδύν.

278 2873 378 2959 Κακῷ
400 2874 453 2937 σύν
477 2876 563 2960 ἀνδρὶ
586 2877 677 2960 μηδ’
703 2876 785 2946 ύλιος
804 2874 971 2959 ύδοιπύρει.

279 2957 404 3028 Κάλλος
427 2960 569 3043 γυναικός
592 2962 671 3023 ἐστιν
694 2960 870 3044 ἀνθρώποις
890 2961 989 3045 βέλος.

278 3041 394 3112 Καλῶς
413 3044 557 3107 παλεύειν
581 3044 647 3108 οἶδε
666 3046 719 3128 τὴν
741 3045 898 3107 ἀλώπεκα.
918 3108 922 3111 ,

278 3125 344 3212 Κᾷν
369 3128 420 3191 διὰ
442 3133 603 3214 μαχαιρῶν
626 3131 677 3192 καὶ
698 3130 795 3212 πυρὸς
816 3129 927 3214 ῥίπτειν
952 3127 1018 3210 δέη.

278 3210 404 3277 Καπνύν
426 3236 461 3295 γε
483 3213 606 3297 φεύγων
631 3214 676 3282 εἰς
697 3215 731 3278 τὸ
753 3218 812 3297 πῦρ
834 3211 1024 3296 περιέπεσεν.

278 3292 416 3360 Κατύπιν
443 3297 552 3381 ἑορτῆς
578 3299 776 3380 ὑστεροῦντες
792 3299 918 3382 ἥκομεν.

278 3377 459 3465 Κάτοπτρον
483 3381 587 3451 εἴδους
611 3384 727 3465 χαλκὸς
747 3381 823 3458 ἔστ’,
847 3382 929 3450 οἶνος
951 3381 985 3444 δὲ
1009 3385 1076 3444 νοῦ.

279 3461 394 3537 Κλύζει
415 3466 561 3529 θάλασσα
581 3468 681 3529 πάντα
704 3466 732 3530 τ’
756 3467 929 3549 ἀνθρώπων
949 3467 1038 3529 κακά.

279 3545 423 3631 Κρεῖττον
448 3549 580 3632 βαδίζειν
603 3556 660 3615 σοῦ
681 3549 859 3635 Χαρινάδης
880 3549 951 3635 έφυ.
