2532 4216
673 337 713 396 86

619 422 768 430 —-—.--

236 509 417 568 Perdiderat
434 505 494 565 iam
518 523 589 563 cura
609 512 732 569 metum.
755 505 842 580 quasi
864 505 1003 582 nuspiam
1027 507 1155 567 haberet

236 595 273 653 In
295 592 386 654 nobis
409 608 490 649 nova
511 590 601 668 plaga
620 590 734 662 locum,
759 609 865 649 secura
885 593 1025 667 gemebat

237 680 398 751 Anxietas,
419 676 489 733 dum
511 692 597 737 mens
623 676 759 749 requiem
781 675 840 735 sibi
860 676 982 734 credula
999 677 1097 754 fingit,
1130 730 1134 735 .

238 763 442 838 Solamenque
461 761 543 834 mali,
567 767 665 818 certos
686 759 830 820 habuisse
851 760 987 834 dolores,

236 849 304 908 Nec
323 866 445 925 sperare
467 864 576 918 nouos,
597 845 696 904 donec
717 845 764 905 vis
783 845 886 905 invida
907 846 961 904 fati

237 933 383 994 curarum
404 932 497 991 finem
517 948 589 990 cura
608 929 683 988 mihi
700 929 773 988 iecit
790 931 823 988 in
845 949 916 1004 una,

237 1020 338 1095 Quum
359 1020 470 1076 lectum
490 1017 640 1088 iuvenem,
661 1015 784 1073 vixdum
806 1016 987 1090 pubentibus
1010 1017 1101 1077 annis

236 1107 322 1165 Mors
345 1102 453 1179 rapuit,
476 1121 538 1160 non
560 1100 613 1161 illa
639 1100 731 1158 decus
752 1100 946 1159 lacrimabilis
969 1101 1046 1173 aevi,

236 1190 305 1249 Nec
325 1190 422 1248 cultae
446 1186 554 1245 studiis
578 1187 710 1262 speciem
732 1185 877 1244 miserata
895 1186 1045 1244 iuventae.
1088 1250 1090 1254 ,

238 1276 266 1335 O
290 1293 361 1351 spes
384 1270 573 1348 praecipites,
596 1292 614 1331 o
633 1269 747 1329 lubrica
769 1278 840 1329 vota
860 1277 1027 1346 parentum,
1069 1324 1082 1345 ,

239 1360 327 1436 Quos
348 1355 483 1417 tirocinii
504 1375 558 1431 pro
579 1355 662 1414 mille
683 1356 850 1415 laboribus
864 1355 992 1427 haustis,

238 1444 322 1504 Olim
345 1441 428 1500 mille
448 1447 571 1497 manent
589 1441 732 1499 orborum
755 1439 887 1515 praemia
907 1440 1016 1499 luctus.

236 1528 312 1588 Flos
334 1527 492 1597 iuvenum,
513 1544 590 1600 quae
615 1543 684 1584 sors
705 1526 844 1583 humanis
865 1526 956 1585 rebus
980 1524 1084 1600 iniqua

237 1613 284 1671 Te
305 1612 394 1671 nobis
410 1612 498 1687 rapit,
521 1618 552 1667 et
572 1618 687 1669 tautum
709 1611 801 1669 decus
821 1609 935 1668 inridet
957 1612 1046 1669 orbi?

238 1699 337 1774 Quem
359 1696 419 1756 iam
440 1695 564 1755 sublimi
584 1694 738 1771 Sapientia
760 1695 833 1755 sede
854 1695 972 1754 locarat

236 1785 454 1861 Praegressum
473 1781 550 1840 lines
571 1800 682 1853 rerum,
703 1789 858 1854 metasque
880 1788 1045 1852 tenentem,

237 1869 322 1944 Quas
341 1868 429 1943 pauci
445 1874 570 1924 tenuere
593 1884 693 1924 senes.
716 1867 767 1940 qui
787 1865 893 1923 limina
915 1865 1012 1924 victor

236 1953 340 2013 Ardua
361 1951 416 2009 vix
438 1950 493 2009 ulli
515 1950 593 2009 votis
617 1951 754 2029 adeunda
775 1950 909 2026 priorum

238 2036 429 2113 Contigerat,
447 2034 518 2094 inde
539 2034 699 2113 incipiens,
723 2054 782 2110 quo
803 2035 900 2093 serior
921 2041 1005 2093 aetas

237 2121 373 2181 Desinit:
395 2120 465 2177 inde
488 2118 561 2196 vigil
580 2120 716 2179 discendi
737 2119 864 2179 exordia
885 2120 981 2195 prima

237 2206 418 2277 Instituens,
436 2204 489 2263 ubi
508 2204 578 2263 finis
603 2212 675 2263 erat
699 2205 813 2263 Verum
833 2205 924 2282 ignea
945 2223 1066 2280 semper

237 2291 294 2350 Vis
316 2290 410 2348 animi
428 2289 594 2365 hospitium
615 2291 729 2349 terreni
747 2290 884 2366 corporis
906 2289 980 2361 odit,

239 2380 453 2453 Angustosque
479 2393 581 2434 moras
602 2375 697 2434 virtus
720 2375 851 2451 perfecta
870 2382 1017 2453 gravatur.
1256 2432 1257 2441 ¹

237 2461 329 2537 Quod
342 2478 489 2520 summum
499 2468 557 2533 est,
568 2461 600 2518 in
613 2461 770 2537 praecipiti
782 2467 839 2531 est,
847 2479 904 2518 nec
915 2467 1052 2534 tempore
1060 2460 1151 2518 finem
1256 2486 1257 2539 3

237 2547 417 2621 Exspectat,
440 2545 537 2621 primo
558 2547 641 2620 quod
662 2547 723 2606 iam
745 2546 888 2603 maturuit
910 2562 997 2603 aevo.

236 2631 299 2689 Vix
323 2630 379 2688 tibi
401 2630 497 2706 prima
519 2650 614 2708 genas
634 2632 790 2689 umbrabat
811 2629 886 2687 flora
908 2630 1041 2702 iuventa,

237 2714 391 2790 Sextoque
411 2734 582 2791 supremum
602 2716 759 2773 claudebat
782 2713 940 2790 Olympias
964 2732 1088 2787 annum,

237 2801 348 2876 Quum,
370 2800 511 2859 velutad
531 2801 647 2876 primos
674 2799 817 2874 expirans
840 2800 933 2856 herba
955 2798 1085 2872 calores,

235 2885 363 2959 Deficis,
385 2893 415 2943 et
436 2886 552 2944 caelum
575 2893 792 2960 praeceptaque
812 2883 911 2945 sidera
933 2891 1033 2943 mente

235 2971 378 3031 Festinus
399 2971 523 3046 repetis,
543 2972 646 3027 turbas
670 2977 811 3029 assuetus
833 2971 870 3027 ab
893 2968 954 3028 alto

235 3055 402 3133 Despicere
420 3057 577 3126 humanas,
601 3053 703 3130 proles
726 3074 788 3114 non
807 3073 885 3112 vana
904 3053 1039 3129 parentis

235 3140 422 3213 Dousiadae,
444 3140 497 3214 qui
518 3139 545 3196 si
566 3138 680 3215 proprii
700 3139 872 3215 splendoris
897 3147 1010 3217 egeret,

236 3224 436 3303 Splendorem
459 3223 556 3299 potuit
577 3225 640 3284 uati
662 3224 771 3282 virtute
793 3224 910 3283 mereri.

234 3314 281 3370 Ac
303 3308 440 3386 quamvis
461 3309 573 3384 patriae
593 3310 721 3382 meritis,
739 3309 918 3387 generisque
935 3309 1035 3367 nitore

236 3395 344 3456 Clarus
368 3410 449 3451 eras:
474 3401 574 3452 tamen
599 3395 752 3472 ingenium
774 3393 974 3470 superemicet
995 3411 1088 3452 omne

234 3480 359 3539 Altiicis
380 3485 478 3536 terrae
500 3479 651 3552 meritum,
671 3499 766 3558 genus
791 3497 881 3538 omne
899 3486 1061 3539 vetustum.

234 3564 302 3624 Nec
322 3563 435 3639 patriae
458 3564 599 3642 stirpisve
619 3566 717 3645 premi
739 3564 884 3643 gravitate
905 3563 1027 3625 sinebas
