2560 4216
453 409 454 412 ψ
502 324 653 421 ,εν-ν..

205 488 252 555 Τὰ
260 487 368 574 γνῶστ’
379 489 442 552 ἐστὶ
450 492 598 577 λογισμῷ,
607 491 683 575 ἀτὰρ
692 488 723 553 τ’
731 489 872 572 ἄγνωστα
881 493 1030 575 τυχηρῶς

119 575 179 641 ΛΓ.
206 573 244 639 Εἰ
269 574 371 658 βίοτος
394 581 570 661 στρωφᾶται
593 575 823 658 ἀτεκμάρτοισιν
842 574 978 651 ἀέθλοις,

196 658 305 744 Ἧμαρ
330 658 361 721 ἐν
386 656 553 744 ιβπονέεις
568 664 626 723 πᾶν
647 659 775 744 κέρδεος
796 660 995 742 ἀναλογίζου.

119 744 183 810 ΛΔ.
205 741 271 828 Κῆν
295 743 435 815 ἐπίδοξος
457 742 512 828 ἕης
533 749 628 824 νικ”ν,
651 744 775 806 ὑπόεικε
797 744 880 828 φιλφ
904 749 970 811 σού.

206 826 269 911 Τῆς
289 827 347 911 γὰρ
373 828 539 913 ύπηρεσίης
561 770 648 912 ἡδεῖς
669 830 818 909 ἡττῶνται
842 829 968 912 ἑταῖροι.

117 909 183 979 ΛΕ.
205 909 244 975 Εἰ
267 911 378 994 μεγάλ’
402 913 534 990 αἰτίζεις,
555 914 595 997 μὴ
620 913 725 996 φείδεο
748 912 819 998 βαιὰ
837 920 992 997 χορηγεῖν.

196 993 278 1059 Ὧδε
301 998 390 1080 χάρις
412 998 562 1066 τοίςδεσσι
588 998 697 1082 φίλους
720 999 860 1080 δεσμοῖσι
882 999 1032 1060 συνάπτει.

120 1079 174 1149 Λς.
205 1078 321 1144 Νείκεα
333 1081 408 1165 τῷδ’
423 1081 557 1165 ἐπάγειν,
567 1082 601 1150 ὅς
616 1105 664 1144 σοι
677 1083 767 1166 φιλος
779 1081 1031 1164 ἐστὶ,φυλάσσου.

202 1161 320 1249 Ἕχθος
339 1163 430 1228 ἔτικτ’
453 1167 539 1250 ὀργὴ,
562 1166 664 1251 φιλίης
689 1166 718 1230 δ’
741 1166 871 1250 ὁμόνοια
891 1165 975 1249 τιθην
1000 1213 1008 1228 .

120 1244 181 1310 ΛΖ.
197 1246 256 1311 Ἢν
267 1249 300 1312 σέ
311 1249 381 1312 ποτ’
390 1251 560 1334 ἀμπλακίαι
571 1251 716 1334 θεράπων
727 1252 888 1334 προάγωσι
900 1190 1032 1334 πρὸςθρ-

206 1329 268 1416 Τῆς
283 1336 381 1416 ὁρμῆς
393 1335 540 1418 κρατέειν,
554 1340 614 1397 τῶν
628 1336 748 1398 οἰκείων
761 1335 810 1398 ίνοι
827 1335 930 1419 φείση.
953 1334 1032 1419 [γίγν,

120 1413 256 1480 ΛΗ.“Ον
279 1423 361 1501 νικᾷν
387 1419 525 1497 δύνασαι,
549 1443 586 1503 τη
608 1420 753 1504 καρτερίη
775 1420 958 1502 περιγίγνου.

205 1501 275 1565 Atel
295 1503 439 1587 καρτερίη
462 1505 491 1566 δ’
517 1504 654 1588 άρετάων
678 1504 740 1567 ἐστὶ
763 1505 897 1587 μεγίστη.

119 1581 183 1647 ΛΘ.
203 1582 378 1656 Ἐνδυκέως
398 1589 534 1669 ταμίευε,
557 1589 651 1671 τάπερ
671 1590 799 1673 καμάτῳ
818 1587 1010 1670 πεπόρισται.

207 1667 269 1755 Τὴν
278 1672 382 1754 πενίην
392 1669 685 1756 κάματοςγ’,ότανῇ
697 1674 882 1754 δαπανηρὸς,
894 1672 1032 1756 ὀφέλλει.
1124 1736 1126 1741 ⁴

121 1750 162 1818 M.
208 1752 296 1817 Τοῖσι
321 1757 422 1840 φίλοις
442 1758 493 1819 καὶ
506 1756 617 1819 ἕταισιν
632 1757 706 1819 ἐπὰν
723 1755 882 1840 φιλότιμος
896 1755 1033 1838 ἀκούσης

201 1836 330 1926 Ὄλβιος
352 1840 519 1926 εὐτυχέων,
542 1840 577 1903 σὺ
603 1841 637 1903 δὲ
661 1841 803 1925 φίλτερος
822 1838 885 1903 ίσθι
901 1839 1031 1925 σεαυτιγῖ.

368 2005 537 2074 ΒΙΒΛΙΟΝ
562 2005 787 2073 ΔΕΥΤΕΡΟΝ.

120 2090 158 2155 Α.
197 2089 295 2175 Ἔργα
318 2094 491 2178 γεωπονίης
514 2096 541 2157 εἰ
564 2095 592 2156 σ’
619 2094 733 2157 εἰδέναι
754 2094 860 2179 ἵμερος
882 2094 973 2177 αἱρεῖ,

204 2173 359 2260 Βιργιλιον
386 2178 479 2249 δίζευ.
501 2179 638 2264 βοτανῶν
662 2179 697 2241 δὲ
720 2181 871 2263 δαήμεναι
893 2177 993 2260 ἀκμὰς

113 2322 117 2331 ,
205 2258 244 2324 Εἰ
264 2261 400 2341 ποθέεις,
422 2263 534 2331 ταύτας
557 2262 686 2346 Μάκρου
709 2264 861 2326 κλείουσιν
886 2263 1000 2339 ἀοιδαὶ,

199 2341 297 2409 Ὥσκε
316 2346 421 2409 δύναιο
443 2347 532 2410 νόσον
558 2347 678 2431 μελέων
702 2348 762 2411 ἀπὸ
783 2351 884 2409 πᾶσαν
910 2347 1032 2428 ἀμῦναι.

205 2428 244 2494 Εἰ
263 2429 295 2492 δ’
311 2430 429 2500 ἐθέλεις
447 2433 563 2516 ῥώμης,
578 2432 736 2515 ἐμφύλους
757 2431 785 2493 τ’
799 2429 885 2512 ἴδμεν
903 2431 1033 2511 ἀγῶνας,

205 2516 364 2577 Λουκανδν
391 2516 534 2599 ζήτησον,
553 2516 587 2583 δς
601 2515 714 2599 Ἀρεος
736 2514 819 2576 εἶπεν
841 2513 984 2582 ἀέθλους.

205 2597 244 2663 Εἰ
265 2600 303 2682 δὴ
325 2600 396 2683 ἐρᾷν
419 2602 470 2662 καὶ
491 2598 582 2682 ἔρωτι
605 2598 788 2681 μαθητεύειν
807 2597 1033 2684 προβέβουλας,

204 2681 446 2769 Νάσωνοςπάρα
457 2690 551 2747 ταῦτα
566 2684 687 2768 μάθοις.
700 2680 738 2746 Εἰ
747 2685 777 2745 δ’
788 2683 862 2746 αὐτὸ
876 2688 1033 2767 μεριμνᾷς,

206 2766 278 2835 Πῶς
292 2770 389 2852 σοφὸς
403 2771 445 2832 ῶν
457 2769 582 2851 διάγοις,
593 2768 683 2830 κλύθι
699 2774 770 2851 μού,
779 2768 830 2831 ίνα
842 2772 938 2830 ταῦτα
952 2769 1032 2830 διδα-

205 2851 919 2937 Πάνταδιῶνζωὴνκακίηςδίχαπάσανἀνύσης.
940 2851 1035 2935 [χθγῖς

207 2935 303 3020 Δεῦρ’
314 2935 385 3021 ἄρα,
398 2940 449 3001 καί
462 2938 491 3000 τί
503 2937 591 3001 πέλει
601 2939 694 3022 σοφίη
710 2937 868 3041 μαθὲΙνύν,
883 2936 952 2999 τάδ’
963 2936 1033 2998 ἀνοι-

749 3045 829 3091 νους.

114 3101 159 3179 Β.
204 3105 242 3171 Εἰ
263 3103 403 3187 δύνασαι,
424 3113 556 3171 σπεῦσον
579 3107 631 3169 καὶ
645 3105 716 3173 τοὺς
729 3045 1033 3188 δγνῶταςόφέλλειν.

203 3189 334 3274 Κέρδιόν
358 3192 422 3254 ἐστι
445 3192 554 3275 φιλους
576 3190 781 3274 περιποιεῖσθ’
804 3192 823 3274 ἢ
849 3186 1033 3275 βασιλεύειν.

120 3274 155 3343 Γ.
204 3277 299 3340 Λεῖπε
313 3277 390 3339 θεοῦ
398 3277 427 3338 τ’
440 3274 568 3360 άρβητα,
576 3276 605 3337 τί
609 3277 636 3337 τ’
649 3274 780 3358 οὐρανός
792 3275 883 3350 ἐστιν,
897 3274 1032 3356 ἐρευνᾷν.

207 3359 323 3444 Θνητδς
342 3362 401 3423 ἐὼν
424 3360 562 3443 θνητοῖσι
586 3359 746 3443 μεμηλότα
768 3358 844 3442 ἔργα
866 3358 1007 3443 μερίμνα.

121 3448 155 3511 Δ.
197 3441 305 3509 Ῥῖπτε
321 3444 418 3531 φόβον
435 3444 578 3508 θανάτου.
595 3444 696 3528 τὸγὰρ
708 3444 847 3528 ἀφραδές
864 3441 1034 3525 ἐστιν,οἰλη-

729 3552 808 3598 mm(
