2532 4216
630 348 781 441 ’3-6-

251 518 301 578 38.
357 516 597 576 Coronarum
626 519 810 576 Francorum
839 526 864 574 et
891 517 1064 575 Polonorum
1090 516 1168 593 Repe·

458 602 584 660 Hernico
606 605 671 660 III.
721 603 833 660 Urania
855 602 953 659 Musa.

250 687 399 764 Princeps
418 704 571 757 somnum,
593 705 673 762 quae
695 687 785 743 beata
807 704 947 745 secessus

250 772 355 831 Vincta
374 771 529 830 celebrant
553 771 632 828 inter
650 774 771 829 Aornum
796 780 931 841 montes3

250 857 377 930 Urania,
401 857 541 931 quamvis
559 874 608 913 me
620 864 752 932 reposta
771 855 927 914 caelorum

252 939 379 1019 Species
395 949 539 1014 moretur,
561 941 728 1015 musiciqne
750 949 915 1014 concentus

250 1027 356 1085 Mundi
377 1026 522 1096 volantis;
542 1026 682 1085 conscias
705 1033 807 1082 temen
829 1025 884 1083 fati

252 1110 336 1171 Oceli
352 1112 475 1169 choreas
500 1111 640 1182 cemicas,
662 1118 692 1167 et
713 1111 863 1168 Erronnm

252 1195 377 1274 Septem
398 1195 505 1270 reliqui
527 1196 637 1270 spatie,
667 1213 744 1268 quos
765 1195 835 1253 citis
859 1194 937 1270 bigis

252 1280 409 1341 Ourrimrla
430 1279 513 1338 Circi
537 1298 648 1356 magna
670 1298 792 1355 semper
812 1285 966 1353 exercent,

251 1366 294 1426 Ut
315 1365 385 1422 hinc
405 1364 578 1422 ministrent
596 1365 660 1420 fata
678 1365 769 1422 rebus
794 1364 943 1436 humanis,

251 1452 404 1508 Momenta
423 1449 550 1519 varient,
572 1467 607 1506 ac
624 1450 796 1524 reciprocos
819 1468 908 1508 casus

252 1535 386 1594 Volvant
404 1534 572 1592 revolvant.
601 1533 742 1608 Namque
763 1552 813 1590 me
832 1535 903 1609 pius
925 1534 1037 1593 mentis

251 1620 384 1679 Incessit
400 1619 497 1691 endor,
518 1637 628 1696 magne
649 1619 729 1690 Rex,
755 1626 788 1675 ut
808 1619 887 1677 hunc
903 1627 1024 1677 nostrae

253 1704 361 1765 Gentis
386 1705 542 1777 clientem,
561 1723 647 1778 quem
664 1712 803 1761 recenter
823 1723 843 1761 a
864 1704 959 1781 nigris

252 1790 323 1849 Leti
343 1790 479 1848 tenebris
499 1790 697 1861 imminentis,
718 1808 737 1846 a
758 1789 843 1848 dirae

254 1875 427 1935 Obliuionis
447 1874 665 1932 vindicavimus
686 1874 761 1945 fato,

253 1960 337 2018 Tuas
361 1960 401 2016 ad
423 1977 503 2030 ωε»,
528 1958 566 2017 ad
587 1966 731 2031 tuumque
752 1958 894 2033 pulvinar

253 2044 390 2105 sublime
410 2044 527 2114 sistam,
554 2043 580 2101 si
602 2043 687 2100 novis
710 2043 739 2099 ei
758 2042 877 2118 possim

253 2130 350 2188 Medis
371 2130 505 2186 honores
525 2145 703 2202 comparare
726 2126 854 2199 divinos,

253 2213 335 2288 Quos
359 2214 409 2271 dia
432 2213 527 2288 spirat
545 2231 618 2269 aurs
640 2212 772 2270 numinis
793 2212 898 2283 vestri,

254 2298 401 2374 Solioque
419 2297 539 2374 fulgens
558 2298 708 2359 eminente
729 2297 885 2355 Maiestas.

254 2383 333 2462 Spes
355 2392 412 2457 est,
432 2390 485 2440 tuo
505 2389 538 2438 ut
559 2382 662 2439 favore
684 2382 775 2454 fotus,
799 2389 829 2439 et
848 2382 920 2439 nido

254 2469 332 2527 Tuto
352 2476 502 2544 receptus,
523 2485 580 2524 nec
600 2467 752 2525 licentiam
776 2467 917 2525 indoctae

253 2554 369 2628 Plebis,
391 2572 447 2611 nec
466 2552 561 2609 ullum
585 2553 695 2629 stigma
717 2551 1011 2621 Grammatistarnm,

253 2639 320 2698 Nec
340 2639 499 2714 inquinata
519 2636 638 2709 menda,
661 2656 718 2695 nec
739 2645 918 2695 vetustatem

255 2723 375 2785 Sentice
394 2742 494 2799 porro,
519 2741 575 2780 nec
594 2741 715 2799 gravem
737 2724 826 2780 situm
851 2721 961 2797 possit.

252 2812 295 2868 At
317 2809 451 2867 universi
470 2815 566 2866 rector
590 2808 680 2866 orbis
695 2814 850 2883 Augustus

254 2894 414 2953 Praestare
433 2913 491 2950 non
513 2891 544 2949 id
562 2893 666 2968 quivit,
687 2901 719 2950 ut
740 2910 812 2950 suns
837 2891 942 2962 Vates,

255 2978 313 3052 Qui
338 2998 407 3038 sese
426 2980 458 3036 in
480 2977 546 3036 eius
568 2977 689 3035 tradidit
709 2976 891 3048 clientelam,

254 3064 323 3122 Non
342 3065 403 3123 vim
427 3082 550 3122 severae
572 3063 674 3120 mortis
698 3060 900 3136 experireturt

254 3149 362 3224 Neque
384 3149 437 3206 ille
459 3148 588 3219 mendis,
607 3154 696 3220 atque
716 3146 965 3224 paedagogorum

255 3233 483 3295 contaminatus
509 3232 717 3291 obsolesceret
739 3231 839 3309 nugis.

255 3319 314 3391 Tu,
338 3339 429 3395 quum
451 3338 467 3375 e
486 3316 630 3388 tenebris,
654 3335 670 3373 e
694 3316 816 3374 silentio
839 3315 892 3372 leti

254 3405 376 3463 illustre
396 3405 493 3462 victor
514 3401 642 3458 efferens
664 3409 766 3477 caput,
790 3419 860 3459 sese

255 3489 358 3548 Dedat
378 3489 432 3547 tibi
449 3487 544 3544 Poeta
565 3486 650 3560 (nam
668 3494 721 3545 tuo
746 3493 820 3543 nutu

254 3575 367 3639 Videre
388 3573 486 3631 lucem
509 3590 542 3631 se
564 3571 728 3649 fatetur)[‚]
750 3573 920 3648 Augustum
