2604 4210
599 284 784 416 mi..

254 493 295 554 bb
474 488 619 551 nouae
640 492 781 568 sitifim
802 498 945 551 amaon.

254 578 301 638 Te
323 576 408 635 vario
430 575 567 635 obtestor
594 576 650 635 sub
674 576 799 635 nomine
818 571 879 633 Die
901 573 1041 647 Camillo,

254 661 480 733 Mollioomans‚
500 668 531 721 et
552 661 711 734 uastioola,
733 669 823 736 atque
844 659 999 736 leporibus
1021 679 1147 738 augens,

255 746 359 808 Conse
378 745 475 816 Deus,
499 745 655 817 Volturno,
678 746 853 805 alimentum
877 744 981 805 nobile
1003 765 1115 818 rerum,

254 833 349 905 Pusa,
371 851 457 908 puer,
485 830 600 890 eunetis
622 830 808 893 virideseeus
835 848 956 906 semper
974 830 1106 903 Adonis,

255 919 385 989 Ooease,
408 923 438 974 et
455 915 588 974 redivive
612 916 698 975 statis
720 916 909 974 vortentibus
928 914 1030 987 annis,

256 1001 385 1079 Semper
403 1000 515 1073 adulte,
538 1000 680 1074 bicornis,
703 1000 845 1073 amabili',
865 998 1084 1072 laorumieulte,

254 1088 397 1159 Poloher,
419 1093 530 1144 venatu
551 1085 698 1162 gaudens,
721 1084 987 1164 promissieapille,

255 1171 378 1244 Vinuls,
401 1170 551 1230 eoreulum
574 1189 701 1229 amenae
723 1170 835 1242 Divae,
858 1188 984 1247 germen
1005 1167 1132 1240 amoris,

255 1255 352 1331 Quam
374 1258 456 1315 bona
479 1255 726 1332 pulchrioomans
749 1255 934 1330 Proserpina
953 1252 1015 1311 Dia
1037 1252 1159 1328 perivit,

256 1341 450 1403 Omnimodis
474 1340 526 1416 qui
547 1358 628 1398 nuno
649 1340 765 1399 habitat
786 1346 974 1415 pertertare
997 1338 1102 1408 furva3

257 1426 303 1485 Te
326 1444 445 1485 rursum
464 1424 550 1483 caelo
569 1424 699 1483 reddens
721 1431 932 1502 tempestaque
953 1424 1102 1495 membra,

255 1511 325 1571 Huc
344 1511 387 1570 sis
409 1509 580 1569 flaminibus
602 1509 753 1570 deducens
775 1510 913 1588 germina
933 1517 1043 1568 terrae.

257 1681 298 1742 56
334 1682 374 1741 M
371 1682 475 1739 erearii
488 1680 661 1739 Tellumouia
674 1679 826 1738 Summani
839 1679 980 1754 suffimen,
992 1686 1144 1736 storacen.

257 1768 319 1843 Qui
340 1766 416 1825 eolis
438 1767 635 1824 Amsanctum
658 1771 688 1821 et
711 1764 790 1822 viam
813 1762 1033 1827 inexorabilem
1044 1761 1172 1834 Averni,

257 1852 476 1925 Pallentesque
501 1850 619 1909 anim'as
640 1850 696 1907 sub
719 1849 819 1908 tristia
840 1856 953 1907 tartum
973 1847 1068 1905 mittis

256 1936 410 2008 Tellumo‚
430 1934 538 1994 lascivi
559 1934 647 2009 patri’
666 1934 770 1993 Liberi
793 1933 915 1993 alumna
937 1950 1086 2010 propago,

256 2025 355 2096 Atque
375 2019 554 2080 venustatis
572 2019 675 2091 Divai,
696 2019 825 2077 Martiae
847 2036 985 2089 amenas,

258 2107 320 2181 Qui
340 2125 396 2182 per
413 2104 575 2162 Larundae
598 2104 732 2163 sacraria
755 2112 860 2167 sanata
879 2103 1012 2181 vagaris,

257 2193 427 2268 Aegrorum
447 2189 611 2246 Lemurum
632 2190 687 2249 sub
709 2198 801 2263 terra,
825 2207 955 2248 aceensa
974 2188 1085 2259 viator,

256 2275 382 2340 Ducens
403 2292 471 2332 oum
493 2273 577 2332 stetit
599 2273 653 2331 illa
680 2273 745 2333 dies
766 2293 825 2350 qua
845 2276 947 2333 Morta
964 2272 1090 2349 profata
1111 2279 1174 2343 est;

258 2359 423 2440 Sagminea
443 2359 517 2417 rude
537 2357 597 2417 Die
618 2359 764 2433 soporifer
782 2360 883 2418 omnia
901 2357 1050 2430 muleens,

252 2446 389 2505 'Lumina
407 2446 480 2504 item
498 2443 609 2502 fallace
630 2445 767 2503 natantia
785 2452 883 2503 morte
906 2444 1076 2520 resignans.

258 2531 340 2607 (Hoc
362 2531 418 2590 tibi
437 2549 507 2588 uam
531 2529 676 2588 Larunda
698 2529 780 2588 dedit
800 2537 941 2604 praetura
962 2528 993 2586 iu
1012 2529 1147 2599 Averna,

258 2616 400 2676 Manibus
423 2616 556 2674 aeternis
575 2614 748 2673 mortalium
770 2615 828 2673 iter
849 2611 999 2689 comitari)

258 2700 446 2760 Flaminibus
468 2700 591 2758 tandem
614 2700 653 2757 da
674 2699 807 2759 faustum
827 2700 860 2757 in
879 2695 962 2757 rebu'
984 2697 1129 2756 laborem.

259 2871 300 2930 57
483 2868 634 2946 Cupidinis
655 2870 796 2944 suffimen,
816 2876 959 2928 orontotu.
1050 2909 1053 2915 .

258 2956 370 3034 Magne
391 2973 467 3013 voeo
485 2962 515 3013 te
537 2955 664 3030 purime,
687 2951 832 3027 amabili‘,
852 2951 971 3011 blande
985 2951 1116 3027 Cupido,

259 3040 451 3112 Arcitenens,
471 3038 536 3099 ales
557 3059 641 3117 puer,
664 3039 816 3116 ignivage,
837 3039 951 3113 impete
972 3037 1076 3110 velox,

260 3125 384 3193 Ludens
408 3144 475 3184 eum
497 3123 587 3184 Divis
609 3133 639 3183 et
661 3142 728 3182 cum
750 3117 921 3183 mortalibu‘
942 3122 1044 3194 seclis,

226 3221 231 3231 ⁸
260 3208 368 3282 Caute,
389 3209 519 3286 gemelle
541 3229 626 3286 puer,
647 3210 699 3284 qui
720 3218 896 3268 cunctorum
915 3206 1052 3267 aedituus
1076 3228 1122 3281 es,

260 3294 364 3355 Ooolei
373 3302 462 3369 atque
470 3292 596 3368 Covi,et
604 3304 713 3367 terrae,
721 3293 1085 3370 etMarisomuigeuae,et
1095 3311 1172 3369 quae

259 3380 437 3439 Nutrioatur
457 3380 543 3441 aleus
567 3380 715 3457 spirantia
728 3380 920 3457 frugiparens
943 3376 1020 3454 Ops.

261 3462 406 3543 Quaeque
419 3472 449 3522 et
455 3467 593 3525 Avernus
605 3484 677 3542 ager
688 3466 780 3543 genit,
789 3473 819 3522 et
830 3483 913 3521 mare
923 3481 1074 3522 marmore
1080 3465 1171 3522 flavo:

260 3546 342 3607 Nam
364 3556 538 3608 cunctorum
557 3551 665 3608 borum
687 3550 772 3609 solus
792 3547 955 3609 moderari’
973 3551 1126 3627 guberna;
