2532 4216
478 359 628 452 *23—

103 527 232 587 Urbihus
251 534 285 583 ut
305 545 404 603 reges,
430 527 474 586 sic
492 529 614 606 regibus
635 529 765 604 imperat
787 530 933 605 Aequum.

102 610 165 685 Quo
187 611 286 690 magis
309 608 379 684 has,
399 611 508 671 dilecte
530 632 615 690 puer,
636 614 778 671 maturior
798 623 880 674 artes

101 696 246 774 Praecipe
270 697 358 754 corde
379 696 490 770 libens,
515 706 544 756 et
567 698 641 757 totis
661 698 801 757 sensibus
822 700 918 758 hauri.

103 781 233 860 Tempus
256 782 322 854 erit,
344 783 463 857 quando
485 791 586 841 tuate
611 790 746 861 spectata
767 803 822 858 per
842 784 912 845 illas

101 868 233 945 Augusto
254 867 378 925 Petrum
400 866 495 927 virtus
518 869 648 927 asciscet
670 868 782 926 honori.

102 951 236 1010 Dixerat.
261 948 425 1026 Obsequiis
447 972 573 1030 puerum
597 953 760 1011 maioribus
784 960 887 1029 aptum
955 954 965 975 ⁸

101 1037 222 1113 Excipit
243 1037 331 1111 alma
346 1037 483 1111 Themis,
506 1037 624 1119 magnis
647 1046 677 1095 et
698 1037 830 1096 destinat
853 1038 945 1097 actisr

103 1120 194 1182 Sacra
214 1122 311 1194 docet,
334 1122 434 1199 legum
455 1123 586 1195 tabulas,
608 1130 637 1180 et
656 1123 775 1180 condita
793 1123 860 1181 iura
1033 1117 1040 1127 ’

101 1208 259 1280 Monstrat,
282 1216 312 1264 et
332 1207 479 1266 instructo
500 1209 562 1266 iam
586 1207 682 1265 civica
701 1208 831 1287 porrigit
852 1224 945 1267 arma.

102 1292 155 1351 Ilst
174 1293 274 1365 locus,
295 1293 463 1350 austrinum
485 1312 543 1367 qua
564 1311 676 1369 pronus
695 1293 793 1370 vergit
817 1294 848 1351 in
870 1312 959 1352 axem

103 1375 242 1455 Signifer,
266 1384 296 1435 et
319 1385 423 1437 noctes
448 1376 561 1436 Chelae
582 1396 648 1436 cum
670 1378 788 1437 lucibus
809 1387 948 1454 aequant.

101 1461 158 1519 Hic
177 1464 246 1535 sibi,
268 1463 338 1520 dum
360 1463 477 1538 priscas
501 1481 596 1522 exosa
614 1462 800 1539 relinqueret
818 1465 920 1538 urbes,

103 1545 305 1625 Conspicuam
326 1549 432 1624 posuit
451 1548 547 1626 signis
566 1552 697 1606 Astraea
716 1548 858 1627 tribunal,

102 1630 186 1691 Unde
212 1652 300 1692 sacro
324 1641 417 1691 totum
442 1634 649 1692 moderamine
669 1641 818 1709 temperat
839 1635 952 1707 orbem,

101 1716 137 1774 Et
159 1718 281 1795 stringit
303 1718 452 1776 scelerum
474 1719 584 1776 vindex
606 1718 638 1775 in
665 1717 790 1775 crimina
809 1735 930 1777 numen.

79 1801 157 1861 ‘Hic
175 1804 275 1861 incisa
294 1803 375 1861 notis
397 1804 498 1861 media
518 1803 670 1861 testudine
691 1802 762 1859 tecti

101 1889 194 1963 Atque
215 1907 287 1945 aere
309 1907 348 1946 ex
372 1888 470 1947 solido
493 1889 594 1965 legum
615 1887 765 1946 tabularia
784 1888 925 1964 pendent.

101 1974 182 2031 Atria
204 1973 289 2031 clara
311 1973 415 2032 domus
438 1974 546 2030 dextra
566 1973 713 2048 laevaque
739 1981 858 2031 tuentur

101 2057 215 2117 Felices
237 2059 368 2130 animae,
392 2059 478 2116 caelo
501 2065 619 2117 sacrata
640 2058 769 2116 virorum

101 2141 243 2216 Nomina,
267 2144 409 2220 purpurei
431 2151 504 2220 toga
526 2162 599 2218 quos
620 2143 733 2201 velavit
754 2143 891 2202 honoris:

102 2226 230 2301 Quorum
252 2229 387 2287 consiliis
412 2236 509 2286 tutata
532 2237 578 2287 est
600 2227 692 2288 Curia
713 2246 852 2305 regnum:

101 2310 179 2386 Quos
203 2333 263 2370 non
284 2314 330 2371 vis
354 2313 427 2385 odii,
451 2333 509 2371 non
529 2313 611 2371 illice
632 2313 730 2391 gratia
750 2313 818 2370 fuco

100 2397 283 2457 Incolumem
304 2398 376 2456 iusti
391 2395 494 2456 *vetuit
513 2417 635 2457 servare
659 2405 802 2455 tenorem.

100 2482 162 2542 Hos
186 2484 256 2541 Dea
277 2503 333 2559 pro
357 2483 473 2542 meritis
498 2484 528 2540 in
554 2482 632 2541 coeli
654 2491 740 2559 parte
760 2479 882 2547 locavit.

100 2567 181 2627 Inter
201 2586 289 2645 quos,
312 2568 396 2626 celsa
413 2569 583 2627 Puteanum
601 2575 634 2624 ut
656 2567 729 2625 vidit
750 2568 788 2624 ab
811 2565 937 2638 Aethra,

100 2652 286 2730 Praecipuae
309 2653 391 2711 sedis
413 2654 484 2712 loca
505 2652 616 2730 deligit.
640 2652 730 2711 Hunc
754 2667 884 2726 quoque,
908 2651 997 2725 dixit,
1017 2644 1022 2673 ⁵

100 2737 162 2797 Ista
179 2746 284 2796 manet
302 2738 402 2810 sedes,
421 2746 584 2815 postquam
606 2738 768 2815 perfecerit
790 2754 908 2808 omnes,

102 2823 183 2898 Quos
206 2824 278 2882 fatis
304 2824 402 2895 debet,
425 2843 486 2882 non
509 2842 582 2898 quos
606 2823 768 2895 natalibus,
793 2840 897 2880 annos.

100 2912 197 2984 Atque
220 2908 336 2966 utinam
359 2915 468 2984 posset
489 2909 663 2986 contingere
686 2908 806 2984 lougius
828 2924 946 2978 aevum,

100 2993 137 3052 Et
154 3002 282 3052 tantum>
297 2993 385 3066 vitae,
407 3001 551 3068 quantum
573 2993 757 3068 splendoris,
781 2991 915 3048 haberet.

100 3077 167 3138 Diis
190 3080 278 3137 aliter
298 3077 407 3150 visum,
431 3078 512 3137 vitiis
535 3079 586 3153 qui
607 3077 705 3157 gentis
728 3076 823 3150 iniqui

100 3162 272 3236 Humanae,
296 3171 418 3222 sanctas
441 3163 558 3222 animas
582 3164 618 3220 de
639 3180 763 3237 corpore
787 3158 920 3231 solvunt,

100 3248 198 3325 thue
221 3248 316 3307 malos
340 3247 497 3320 mulctent,
519 3248 641 3324 privant
663 3248 719 3304 hos
741 3244 808 3302 luce
826 3245 982 3303 bonorum.

100 3333 231 3408 Interea,
253 3331 324 3390 dum
346 3332 465 3391 culmen
487 3332 515 3389 ei
537 3333 665 3391 sublime
687 3348 840 3408 paramus,

100 3418 214 3477 Lucida
238 3439 298 3496 qua
319 3419 419 3476 iustae
439 3417 556 3494 fulgent
577 3416 720 3475 examina
740 3414 863 3486 Librae,
918 3444 922 3459 s

100 3503 139 3563 Ilt
159 3512 247 3563 vacat
270 3504 340 3563 hulc
364 3503 465 3575 sedes,
486 3520 575 3577 quam
596 3500 820 3578 designavimus
842 3499 889 3557 illi

101 3587 167 3649 Hos
190 3591 271 3649 inter
294 3604 450 3666 proceres,
475 3605 531 3648 sua
553 3605 630 3662 quos
647 3585 814 3645 illustribus
836 3584 969 3645 Aethrae

765 3681 809 3741 6.
