2604 4210
527 342 677 438 Q

145 509 304 572 Semiieris
327 512 417 572 sociis
439 512 477 571 ad
497 513 703 588 pandiculeris
724 529 811 571 sacra

144 594 228 670 Dux,
251 596 336 669 ades,
359 598 607 676 expergefaciens
631 596 806 657 vitulamina
825 598 950 672 alumni,

145 680 222 741 Cum
244 681 407 741 Brumabu’
426 683 486 741 tuis
510 683 659 743 comitans
680 685 757 741 bene
778 683 836 739 rite
856 692 985 759 patrata,

144 765 232 824 Haec
255 775 399 825 nocturna
418 786 515 841 saara,
537 768 673 827 allucens
693 767 816 825 comitia
838 777 953 843 sancta,

143 851 254 925 labile,
276 853 496 931 thyrsigerens,
521 862 609 912 coetu
631 854 758 912 florente
782 870 949 913 senescens.

326 1023 421 1079 Divae
447 1022 564 1081 Veneris
589 1023 729 1099 Volupiac
751 1041 875 1081 carmen.
1014 1023 1055 1083 54

145 1103 321 1182 anligena,
342 1105 482 1179 illustris,
504 1108 618 1181 ridens,
641 1115 748 1185 arguta
765 1107 929 1179 Venustas,

145 1187 334 1268 Spumigena
355 1211 373 1249 ο
391 1191 534 1268 genitrix,
555 1193 760 1268 pernoctatrix
782 1192 964 1264 veneranda,

144 1272 317 1353 Coniugula
333 1283 364 1333 et
381 1284 538 1351 nocturna,
563 1286 592 1336 et
613 1279 661 1337 vis
683 1285 751 1336 cata
768 1284 865 1336 mater
887 1277 1018 1349 amicae3

145 1360 258 1420 Omnia
279 1379 350 1418 nam
375 1380 414 1418 ex
435 1370 476 1434 te,
498 1369 529 1421 tu
551 1363 697 1422 invexisti
715 1363 839 1421 foedera
859 1362 977 1421 mundi:

142 1446 184 1504 Et
203 1446 293 1502 trium
314 1445 381 1503 iura
402 1455 488 1506 tenes
509 1449 684 1522 Mortarnm,
704 1456 812 1506 cuncta
832 1448 979 1525 genisque

144 1530 238 1591 Omni
258 1530 365 1603 modis,
386 1531 461 1589 coeli
481 1540 511 1590 et
533 1533 623 1590 terrai
643 1533 810 1610 frugiferai,

142 1616 185 1674 Et
206 1615 283 1673 salsi
302 1616 416 1688 mundi,
437 1636 562 1691 praeses
584 1618 778 1678 sanctissima
799 1617 915 1688 Brumi,

145 1699 372 1760 Concelebrans
395 1701 514 1777 epulas,
538 1722 556 1759 o
577 1704 725 1778 pronuba,
748 1710 844 1759 mater
864 1719 1009 1773 amorum,

144 1784 259 1858 Suada,
280 1792 311 1841 et
334 1786 493 1844 strativola
512 1805 633 1859 arcana,
658 1795 687 1844 et
708 1786 775 1845 sali’
797 1785 996 1858 conciliatrix,

143 1871 232 1944 Visa,
249 1869 360 1943 invisa,
384 1888 486 1929 comas
508 1868 721 1947 pulcherrima,
742 1871 873 1949 patrima
891 1870 962 1942 Dia,

146 1953 317 2031 Sponsalis,
339 1955 474 2029 conviva,
498 1955 600 2014 Derim
622 1958 763 2030 Maiesta,
787 1957 936 2032 Luperca,

144 2039 291 2098 Prolifica
311 2049 341 2098 et
361 2040 484 2113 Vituna,
505 2041 619 2113 virosa,
641 2042 794 2100 Lubentia
814 2050 919 2099 mater.

146 2122 289 2201 Quaeque
311 2133 410 2184 arctas
430 2126 565 2186 homines
587 2127 782 2205 compagibus
804 2127 1026 2200 illecebrarum,

145 2211 187 2271 Et
207 2229 302 2288 genus
327 2230 417 2269 omne
439 2211 625 2270 animantum
649 2221 771 2271 aeterno
792 2213 914 2270 volnere
932 2211 1059 2284 amoris3

145 2295 240 2354 Adsis
261 2295 454 2373 caprigenum
473 2312 620 2375 sanguen,
644 2299 708 2357 sive
730 2298 807 2355 atria
827 2296 913 2357 Coeli

145 2379 207 2438 Dia
225 2382 349 2456 premis,
370 2381 473 2439 ridens
492 2383 599 2460 regina
614 2383 745 2440 micante
761 2381 886 2453 labello,

147 2464 307 2524 Turiferae
328 2464 433 2526 Suriae
455 2483 510 2523 seu
529 2467 641 2526 lustras
661 2466 774 2542 templa
796 2468 896 2537 beata,

148 2548 221 2609 Sive
241 2551 273 2608 in
294 2550 476 2625 aequoribus
500 2551 598 2626 campi
622 2550 843 2626 splendentibu'
863 2549 943 2626 bigis
997 2593 999 2597 1

146 2634 279 2711 Propter
299 2637 415 2694 habens
437 2643 565 2713 augusta
582 2635 715 2694 Melonis
736 2635 861 2692 flumina
882 2634 986 2711 opimi,

147 2720 206 2778 Vel
225 2721 252 2780 si
270 2721 423 2779 littoribus
441 2720 542 2796 pullis,
564 2739 659 2797 prope
679 2738 830 2778 marmora
851 2719 933 2795 ponti

149 2802 317 2864 Coelitnum
338 2806 453 2884 gaudes
473 2805 555 2863 Diva
578 2801 777 2883 exultantibu’
800 2805 908 2876 turbis,

148 2892 211 2949 Aut
233 2892 323 2948 etiam
344 2890 480 2949 tremulis
502 2890 588 2965 prsis
610 2891 642 2948 in
662 2890 798 2967 gramine
821 2897 920 2947 terrae

147 2975 301 3035 Littoreos
323 2976 361 3033 ad
383 2975 524 3051 pulvinos
548 2994 615 3033 cum
637 2982 781 3052 praepete
803 2993 901 3047 curru,

149 3058 221 3121 Sive
241 3061 273 3120 in
296 3058 397 3137 Cupro
420 3069 515 3119 matre
537 3069 601 3134 tua,
623 3062 675 3118 ubi
696 3060 753 3117 rite
775 3056 916 3118 novellae

149 3145 195 3204 Te
220 3165 331 3222 puerae
350 3146 506 3223 innuptae,
529 3153 559 3203 et
580 3154 703 3223 nuptae,
725 3144 862 3202 formosa
879 3140 1042 3218 quotannis

150 3229 376 3290 Coucelebrant
396 3231 502 3307 regina
524 3239 613 3305 atque
624 3230 787 3308 indigetem
800 3229 899 3287 Deum
911 3228 1060 3286 Adonem.

149 3314 219 3374 Huc
240 3316 325 3375 adsis
347 3334 472 3391 compos
495 3316 661 3391 spectandi,
682 3314 763 3373 Diva
781 3314 908 3390 leporis,

149 3400 230 3460 Nam
253 3420 329 3477 pura
350 3409 379 3459 te
401 3407 501 3459 mente
519 3400 595 3460 colo
618 3401 819 3477 precibusque
842 3397 969 3475 pudicis.
