2502 4218
452 326 604 423 —Q-

67 486 163 559 Ἑνὸς
180 488 328 575 χανόντος
351 489 400 573 δἠ,
423 489 535 576 κίχηνε
546 490 697 595 χάτερος.

70 573 280 660 Ἐξηπάτησεν
300 575 320 658 ἡ
340 575 439 659 χάραξ
462 576 516 659 τὴν
539 577 689 659 αμπελον.

67 657 154 728 Ἕξω
177 659 282 744 βλέπει
300 658 338 722 τά
358 660 460 723 πολλὰ
482 659 557 744 βοῦς
578 658 748 743 ἀλλότριος.

67 741 174 808 Ἐοικε
192 748 285 808 τοῖσιν
307 743 342 806 ἐκ
365 741 470 807 Πύλου
492 743 691 812 Λακωνικοῖς.

70 825 144 892 Ἐπὶ
160 834 198 912 τῆ
224 830 364 913 μαχαίρᾳ
384 831 500 911 μεῖζον,
527 829 547 912 ἢ
571 826 704 912 Πηλεύς,
727 829 843 911 φρονεῖ.

70 910 290 996 Ἐπιφυλλιδες
308 912 397 976 ταῦτ’
421 911 486 976 ἔστι
506 911 800 996 καλστωμύλματα.

69 994 198 1080 'Emi'
215 995 355 1081 ἀλέκτωρ
378 998 421 1067 ῶς
443 1020 496 1074 τις,
520 997 658 1065 ἐκκλίνας
678 994 798 1080 πτερόν.

70 1078 164 1164 Ἐρᾷν
185 1082 220 1159 δὲ
241 1084 385 1165 φανερῶς
405 1084 531 1146 κάλλιον
552 1085 609 1145 τοῶ
630 1080 775 1164 λαθρίως.

70 1162 177 1247 Ἐρδοι
196 1188 239 1235 τις
261 1167 298 1250 ῆν
321 1166 450 1236 ἕκαστος
472 1167 568 1248 εἰδείη
588 1165 709 1251 τέχνην.

73 1245 313 1337 Ἐρεσχελούσιν
337 1252 367 1313 αί
388 1250 524 1337 κορῶναι
546 1249 647 1313 ἀετόν.

66 1328 219 1418 Ἔστηκας
244 1335 334 1398 εἰκῶν
360 1335 394 1399 ἐκ
417 1340 539 1421 γραφῆς
561 1335 593 1398 ἓν
617 1331 712 1419 σχῆμ’
739 1329 831 1416 ἔχων.

70 1413 156 1481 Ἐστι
176 1418 208 1482 δ’
234 1419 350 1502 ἀνάγκη
373 1420 471 1505 χρῆμ’
495 1419 618 1505 ἄμαχον
639 1421 691 1481 καὶ
711 1420 775 1484 τοῖς
791 1416 886 1485 θεοῖς.

70 1498 155 1564 Ἔστι
177 1504 262 1588 δίκης
283 1505 456 1589 όφθαλμδς,
480 1504 561 1574 ὅστις
580 1504 677 1566 πάνθ’
705 1497 774 1586 ὁρᾷ.

71 1581 171 1651 Ἔστω
190 1588 226 1650 δὲ
244 1588 365 1671 ταμίας,
380 1587 480 1653 τάλλα
504 1590 535 1652 δ’
559 1590 587 1652 εί
607 1588 725 1672 βούλει,
744 1587 837 1649 κύων.

76 1665 121 1732 Εὖ
145 1673 283 1755 κείμενον
307 1674 397 1737 δὲτὸ
418 1675 512 1738 κακδν
534 1673 571 1736 ού
591 1669 740 1754 κινητέον.

77 1749 121 1816 Εὖ
144 1756 236 1834 οἶδεν,
259 1757 357 1843 ἅσπερ
381 1756 505 1844 ἔφυγεν,
521 1754 681 1841 Εὐκράτης
702 1752 803 1821 όδούς.

76 1833 374 1926 Εὐμεταβολῶτερος
394 1841 621 1927 χαμαιλέοντος
643 1840 681 1902 εί.

76 1918 178 1988 Εὔνοι’
203 1925 331 2010 ἄκαιρος
352 1927 442 1990 οὐδὲν
467 1925 526 2012 έχθ
547 1949 584 1995 ας
605 1923 756 2011 διαφέρει.

75 2002 149 2109 :qu'
169 2011 262 2074 αὑτὸν
284 2011 397 2090 ἕλκων,
418 2014 498 2075 ὥστε
518 1949 655 2082 ,θαικίας
676 2008 781 2092 νέφος.

85 2088 148 2177 Εφ’
168 2095 260 2158 αότδν
284 2096 396 2173 ἕλκων,
418 2098 497 2163 ῶστε
519 2096 673 2180 Μαγνῆτις
696 2091 791 2161 λίθος.

76 2171 219 2265 Ἐχθροῖς
239 2180 382 2244 ἀποστῶν
406 2180 521 2265 μήποτ’
543 2181 578 2244 ἀν
602 2179 714 2246 πάθοις
740 2176 867 2262 βλάβην.

77 2257 175 2344 Ζῆλος
194 2267 336 2346 γυναικὸς
352 2266 450 2328 πάντα
471 2268 626 2350 πυρπολεῖ
645 2263 752 2345 δόμον.

78 2341 179 2429 Ζητῶν
200 2348 259 2432 γὰρ
281 2348 358 2434 ὄψον
382 2350 542 2433 θοιμάτιον
564 2351 724 2413 ἀπώλεσα.

78 2425 184 2514 Ζῶμεν
206 2434 276 2518 γὰρ,
300 2433 361 2518 ούχ
377 2437 420 2503 ῶς
441 2434 588 2517 θέλομεν,
619 2432 687 2496 ἀλλ’
709 2433 752 2498 ῶς
774 2429 944 2512 δυνάμεθα.

78 2509 162 2600 Ζανὸς
180 2521 296 2602 γενήσῃ
321 2519 482 2603 κρομμύου
506 2517 599 2602 μόνον
621 2517 736 2601 λαβών.

76 2593 113 2662 Ἡ
135 2601 225 2684 ἄγνος
244 2603 343 2681 ἀνθεῖ,
364 2606 415 2666 καί
436 2607 451 2668 ό
473 2603 582 2687 βότρυς
601 2599 790 2664 πεπαίνεται.

70 2677 111 2747 Ἢ
133 2687 183 2749 δεῖ
199 2689 342 2772 χελώνης
360 2686 436 2771 κρέα
461 2691 581 2772 φαγεῖν,
604 2687 624 2770 ῆ
648 2683 689 2768 μῆ
713 2686 833 2768 φαγεῖν.

75 2762 112 2830 Ἡ
131 2771 247 2852 γλῶσσ’
271 2772 493 2857 ἁμαρτάνουσα
514 2772 635 2855 τάληθῆ
658 2768 750 2852 λέγει.

71 2846 111 2915 Ἢ
133 2860 187 2939 ζῆν
208 2855 346 2933 ἀλύπως,
367 2858 386 2940 ἢ
411 2858 517 2920 θανεῖν
540 2854 742 2938 εὐδαιμόνως.

75 2932 112 3002 Ἡ
132 2940 235 3002 κοιλία
258 2941 293 3003 δὲ
316 2940 419 3005 πολλὰ
437 2946 539 3026 χωρεῖ
557 2942 682 3022 κῶλίγα.

73 3016 111 3087 Ἡ
132 3025 187 3108 μὲν
208 3023 283 3092 θεὸς
306 3024 456 3110 ύπέβαλλ’
479 3026 559 3110 ἐμοὶ,
578 3026 703 3109 ἥρπασα
725 3022 753 3084 δ’
778 3021 849 3103 ἐγώ.

72 3101 111 3170 Ἢ
130 3107 222 3171 πέντε
246 3110 353 3184 πίνειν,
376 3112 395 3194 ῆ
417 3111 487 3194 τρί’,
507 3111 527 3194 ἢ
551 3110 592 3194 μῆ
613 3107 752 3189 τέτταρα.

76 3185 112 3256 Ἡ
132 3192 282 3297 πορφύρα
303 3195 388 3279 παρὰ
409 3194 571 3278 πορφύραν
596 3190 760 3274 διακριτέα.

74 3271 157 3340 Ἤτοι
177 3277 373 3363 τεθνηκεν,ῆ
401 3279 537 3341 διδάσκει
559 3278 733 3362 γράμματα.

73 3353 111 3424 Ἢ
128 3362 190 3447 χρὴ
209 3364 370 3448 τραγιμδᾷν
392 3365 516 3439 πάντας,
540 3364 560 3445 ῆ
584 3362 790 3445 μελαγχολᾷν.

75 3440 187 3513 Ἠθους
230 3449 365 3531 αρακτήρ
387 3447 449 3512 ἐστι
470 3446 497 3510 τ’
521 3447 687 3530 ἀνθρώπου
708 3443 808 3526 λόγος.
830 3456 842 3477 ⁴

74 3519 174 3594 Ἥκειν
198 3468 328 3615 όθγοντας
350 3533 419 3594 σιτί’
440 3534 567 3616 ῆμερῶν
587 3535 688 3616 τριῶν.

438 3638 442 3647 ν
