2604 4210
683 354 744 416 ³00

257 527 435 596 Omnivore,
456 523 680 598 omnidomans,
701 543 848 600 superaus
866 525 978 600 omnia,
1000 529 1106 586 omnia
1123 528 1170 587 lu'·

256 611 309 674 Sol
316 612 450 683 ethna,
456 628 574 682 eorum,
582 610 779 684 stellae,fons
788 611 924 687 perimus
932 611 1024 688 ignis,
1039 614 1171 689 [strena

254 698 391 757 Membra
412 698 488 754 haec
509 695 640 754 Volcani
661 695 837 754 mortalibus
860 696 951 773 ignea
971 696 1083 758 lucent.

257 782 373 844 Omnes
396 781 548 840 induaolie
569 788 736 858 gentesque
757 782 910 856 urbesque
933 781 1114 859 domosque,
1157 816 1164 827 ·

254 869 389 927 Artubus
410 867 570 925 insinuans
594 866 781 939 mortalibus,
804 865 894 938 alme,
919 867 1024 940 beate3

256 950 307 1014 Sis
329 953 414 1023 felix,
437 960 525 1027 atque
546 952 622 1009 haec
645 959 748 1009 nostra
771 951 809 1008 ad
830 950 975 1009 libamina
994 955 1084 1012 aede:

255 1037 298 1098 Ut
318 1038 456 1116 placidus
481 1036 588 1095 venias
610 1054 735 1111 operum
758 1038 857 1095 bonus
880 1037 1053 1110 auxiliator,

254 1127 356 1200 Atque
377 1122 560 1199 irnplaeatae
582 1121 714 1179 extinxis
736 1122 877 1179 incendia
902 1122 1052 1194 flammae,

255 1208 380 1268 Fomitis
404 1207 436 1264 in
457 1208 544 1266 nobis
567 1225 695 1264 servans
713 1207 878 1283 genitabile
898 1207 1010 1265 lumen.

256 1378 296 1437 66
480 1370 649 1451 Aesculapii
670 1377 812 1450 suffimen,
836 1394 953 1434 maana.

256 1461 438 1522 Cunctorum
462 1460 608 1537 Aesolapi
629 1461 763 1534 Iuturna,
786 1460 934 1533 salutifer,
957 1460 1047 1533 alme,

254 1549 428 1606 Morborum
449 1545 642 1623 omnigenum
666 1545 801 1604 muleens
827 1546 969 1623 contagia
989 1546 1104 1620 iniqua,

254 1632 403 1691 Mulciber
425 1630 591 1718 expellens,
613 1631 687 1689 ades
708 1632 767 1688 huo
788 1631 942 1689 comitatu'
964 1632 1073 1703 saluta,

253 1718 427 1776 Mortiferao
449 1718 595 1775 cohibens
616 1716 758 1773 incendia
778 1715 971 1793 pestilitatis3

254 1802 437 1878 Vastiaipor,
458 1802 623 1874 Verrunoe,
640 1803 686 1859 rei
701 1801 830 1878 largitor
850 1800 980 1876 opimae,

253 1888 365 1946 Februi
381 1887 567 1965 Apollinaris
588 1886 723 1945 viridans
747 1894 776 1943 et
797 1887 916 1945 honora
936 1906 1083 1964 propago,

254 1974 355 2031 Morbi
375 1973 553 2050 perduellis,
574 1972 745 2049 coniuxque
767 1971 874 2030 salutis
896 1990 1062 2044 amoenae;

254 2057 324 2116 Huc
347 2078 365 2115 ο
389 2076 496 2133 sospes
519 2058 604 2129 ades,
624 2058 691 2115 aevi
711 2057 788 2115 dans
805 2074 951 2133 prospera
967 2057 1040 2115 fata.

255 2225 295 2283 67
320 2244 323 2254 ·
359 2225 455 2282 Divae
476 2223 574 2282 Saluti
592 2225 770 2283 Meditrinoe
792 2227 931 2302 suffimen,
953 2246 1069 2285 manaa.

256 2310 283 2369 Ο
306 2309 457 2368 foecunda
480 2310 575 2382 salus,
598 2318 628 2367 et
646 2311 787 2368 amabilis
807 2307 938 2369 omnibu'
960 2331 1105 2388 regnans,

253 2394 324 2454 Huc
345 2394 429 2454 adsis
448 2396 613 2453 Meditrina
634 2395 828 2471 opulentifer,
852 2398 1116 2472 omniparensque,

254 2479 412 2539 Pestilitas
435 2500 474 2539 ex
492 2490 523 2539 te
546 2480 644 2540 omnis
665 2482 729 2539 abit
749 2482 928 2546 mortalibus
950 2482 1061 2559 aegris,

256 2564 372 2624 (lunate
386 2567 488 2641 lepore
507 2575 561 2625 tuo
583 2566 713 2625 viridant
733 2566 893 2624 vitulantia
915 2574 1005 2640 tecta,

254 2650 454 2727 Daedalaque
475 2670 542 2723 ars3
564 2659 594 2708 te
616 2647 739 2709 Mundu'
764 2653 847 2729 eupit
868 2648 1020 2728 peruulsu'
1043 2660 1097 2709 tua
1117 2654 1157 2709 vi.

256 2735 388 2793 Tantum
409 2736 471 2793 edit
492 2744 522 2793 ta
545 2736 603 2794 Dis
627 2737 700 2795 vitai
721 2738 857 2811 pessima
877 2738 959 2809 finis,

256 2820 284 2882 O
309 2820 471 2899 cupiunda,
495 2839 599 2898 reges,
619 2821 756 2879 solamen
779 2822 909 2880 amabile
927 2840 1040 2893 rerum,

254 2906 301 2964 Te
324 2907 390 2964 sine
410 2906 495 2964 nulla
515 2907 581 2965 seni
602 2908 779 2983 usurpanda
799 2909 831 2965 in
853 2909 914 2965 fine
936 2913 1077 2966 senectae

256 2990 376 3050 Gratia:
400 2992 465 3051 sola
478 3011 593 3051 *omnes
615 3000 732 3068 captas,
763 2993 831 3051 sola
847 2993 983 3051 'omnibu'
1001 3008 1123 3068 regnas.

256 3074 317 3136 Sed
335 3083 370 3133 tn
389 3077 501 3135 blanda
524 3078 586 3135 tuis
609 3084 731 3153 praesto
755 3078 838 3136 adsis
861 3078 931 3136 diva
954 3074 1106 3148 Oamillis,

254 3164 404 3222 Avertens
422 3171 526 3239 pestes
553 3162 782 3237 morborumque
803 3164 925 3240 agmina
950 3179 1063 3218 amara.

255 3331 297 3389 68
394 3331 554 3389 Marsorum
573 3331 699 3388 Didium
723 3332 862 3406 aasfiman,
885 3340 1026 3388 aromata.

254 3414 316 3473 Vos
336 3415 403 3473 calo
423 3416 576 3475 vociferae
596 3414 706 3486 Divae,
728 3414 904 3488 horrendae,
925 3416 1092 3487 satuentes,

255 3500 406 3559 Alectona
426 3508 458 3558 et
480 3500 657 3576 Tisiphone,
681 3509 711 3557 et
733 3500 907 3558 veneranda
925 3500 1088 3577 Megaera:

256 3582 456 3662 Noetiragae,
475 3586 642 3660 indulerae,
667 3604 826 3646 summane
848 3585 960 3645 silente
980 3584 1129 3657 uolentes,
