<?xml version="1.0" encoding="UTF-8"?>
<!DOCTYPE html PUBLIC "-//W3C//DTD XHTML 1.0 Transitional//EN"
    "http://www.w3.org/TR/xhtml1/DTD/xhtml1-transitional.dtd">
<html xmlns="http://www.w3.org/1999/xhtml" xml:lang="en" lang="en">
 <head>
  <title>
</title>
<meta http-equiv="Content-Type" content="text/html;charset=utf-8" />
  <meta name='ocr-system' content='tesseract 3.04.00' />
  <meta name='ocr-capabilities' content='ocr_page ocr_carea ocr_par ocr_line ocrx_word'/>
</head>
<body>
  <div class='ocr_page' id='page_1' title='image "./iosephiscaliger01scalgoog_0032.png"; bbox 0 0 2532 4216; ppageno 0'>
   <div class='ocr_carea' id='block_1_1' title="bbox 534 335 572 394">
    <p class='ocr_par' dir='ltr' id='par_1_1' title="bbox 534 335 572 394">
     <span class='ocr_line' id='line_1_1' title="bbox 534 335 572 394; baseline 0 0"><span class='ocrx_word' id='word_1_1' title='bbox 534 335 572 394; x_wconf 82' lang='lat'>27</span> 
     </span>
    </p>
   </div>
   <div class='ocr_carea' id='block_1_2' title="bbox 150 500 872 663">
    <p class='ocr_par' dir='ltr' id='par_1_2' title="bbox 150 500 872 663">
     <span class='ocr_line' id='line_1_2' title="bbox 150 500 823 582; baseline 0.003 -20"><span class='ocrx_word' id='word_1_2' title='bbox 150 500 300 575; x_wconf 77' lang='lat' dir='ltr'>satiarit,</span> <span class='ocrx_word' id='word_1_3' title='bbox 321 503 444 562; x_wconf 89' lang='lat' dir='ltr'>illorum</span> <span class='ocrx_word' id='word_1_4' title='bbox 468 505 495 564; x_wconf 92' lang='lat' dir='ltr'>si</span> <span class='ocrx_word' id='word_1_5' title='bbox 517 506 693 564; x_wconf 70' lang='lat' dir='ltr'>meminisse</span> <span class='ocrx_word' id='word_1_6' title='bbox 714 514 823 582; x_wconf 85' lang='lat' dir='ltr'>potest.</span> 
     </span>
     <span class='ocr_line' id='line_1_3' title="bbox 185 599 872 663; baseline 0.009 -15"><span class='ocrx_word' id='word_1_7' title='bbox 185 599 206 648; x_wconf 79' lang='grc' dir='ltr'>Ε</span> <span class='ocrx_word' id='word_1_8' title='bbox 222 600 317 650; x_wconf 81' lang='lat' dir='ltr'>lectulo</span> <span class='ocrx_word' id='word_1_9' title='bbox 338 614 445 663; x_wconf 81' lang='lat' dir='ltr'>surgens</span> <span class='ocrx_word' id='word_1_10' title='bbox 465 601 508 651; x_wconf 90' lang='grc' dir='ltr'>ΙΙΙ</span> <span class='ocrx_word' id='word_1_11' title='bbox 524 603 583 651; x_wconf 85' lang='lat' dir='ltr'>Kal.</span> <span class='ocrx_word' id='word_1_12' title='bbox 602 603 659 653; x_wconf 83' lang='lat' dir='ltr'>lan.</span> <span class='ocrx_word' id='word_1_13' title='bbox 677 601 771 651; x_wconf 88' lang='lat' dir='ltr'>Iuliani</span> <span class='ocrx_word' id='word_1_14' title='bbox 798 599 872 654; x_wconf 70' lang='lat' dir='ltr'>tuot.</span> 
     </span>
    </p>
   </div>
   <div class='ocr_carea' id='block_1_3' title="bbox 109 751 1011 1174">
    <p class='ocr_par' dir='ltr' id='par_1_3' title="bbox 110 751 1011 986">
     <span class='ocr_line' id='line_1_4' title="bbox 111 751 1011 816; baseline 0.004 -6"><span class='ocrx_word' id='word_1_15' title='bbox 111 751 153 812; x_wconf 83' lang='lat'>25.</span> <span class='ocrx_word' id='word_1_16' title='bbox 193 754 309 814; x_wconf 80' lang='lat' dir='ltr'>Donum</span> <span class='ocrx_word' id='word_1_17' title='bbox 331 756 446 813; x_wconf 83' lang='lat' dir='ltr'>dootiar.</span> <span class='ocrx_word' id='word_1_18' title='bbox 468 760 594 816; x_wconf 74' lang='lat' dir='ltr'>mortorio</span> <span class='ocrx_word' id='word_1_19' title='bbox 618 757 774 816; x_wconf 78' lang='lat' dir='ltr'>Scaeuolae</span> <span class='ocrx_word' id='word_1_20' title='bbox 793 757 1011 816; x_wconf 66' lang='lat' dir='ltr'>sammarthani</span> 
     </span>
     <span class='ocr_line' id='line_1_5' title="bbox 110 838 1009 920; baseline 0.004 -25"><span class='ocrx_word' id='word_1_21' title='bbox 110 838 151 896; x_wconf 83' lang='lat' dir='ltr'>De</span> <span class='ocrx_word' id='word_1_22' title='bbox 171 839 260 899; x_wconf 79' lang='lat' dir='ltr'>Gallis</span> <span class='ocrx_word' id='word_1_23' title='bbox 280 840 426 899; x_wconf 78' lang='lat' dir='ltr'><em>Doctrina</em></span> <span class='ocrx_word' id='word_1_24' title='bbox 451 843 611 901; x_wconf 65' lang='lat' dir='ltr'><strong><em>illustribus</em></strong></span> <span class='ocrx_word' id='word_1_25' title='bbox 638 844 698 900; x_wconf 79' lang='lat' dir='ltr'>Ioe.</span> <span class='ocrx_word' id='word_1_26' title='bbox 725 840 856 920; x_wconf 61' lang='lat' dir='ltr'>Scaliger</span> <span class='ocrx_word' id='word_1_27' title='bbox 881 844 1009 901; x_wconf 77' lang='lat' dir='ltr'>donabat</span> 
     </span>
     <span class='ocr_line' id='line_1_6' title="bbox 310 925 798 986; baseline 0.006 -4"><span class='ocrx_word' id='word_1_28' title='bbox 310 925 430 983; x_wconf 81' lang='lat' dir='ltr'>Danieli</span> <span class='ocrx_word' id='word_1_29' title='bbox 449 927 570 986; x_wconf 83' lang='lat' dir='ltr'>Heinsio</span> <span class='ocrx_word' id='word_1_30' title='bbox 594 930 636 985; x_wconf 84' lang='lat' dir='ltr'>bis</span> <span class='ocrx_word' id='word_1_31' title='bbox 654 929 798 985; x_wconf 71' lang='lat' dir='ltr'>versibus:</span> 
     </span>
    </p>

    <p class='ocr_par' dir='ltr' id='par_1_4' title="bbox 109 1005 758 1174">
     <span class='ocr_line' id='line_1_7' title="bbox 110 1005 736 1088; baseline 0.005 -22"><span class='ocrx_word' id='word_1_32' title='bbox 110 1005 167 1066; x_wconf 88' lang='lat' dir='ltr'>Sibi</span> <span class='ocrx_word' id='word_1_33' title='bbox 187 1009 244 1068; x_wconf 87' lang='lat' dir='ltr'>hoe</span> <span class='ocrx_word' id='word_1_34' title='bbox 265 1010 410 1068; x_wconf 87' lang='lat' dir='ltr'>volumen</span> <span class='ocrx_word' id='word_1_35' title='bbox 433 1030 451 1067; x_wconf 87' lang='lat' dir='ltr'>a</span> <span class='ocrx_word' id='word_1_36' title='bbox 472 1020 565 1088; x_wconf 87' lang='lat' dir='ltr'>poeta</span> <span class='ocrx_word' id='word_1_37' title='bbox 587 1011 736 1073; x_wconf 80' lang='lat' dir='ltr'>Scaevola</span> 
     </span>
     <span class='ocr_line' id='line_1_8' title="bbox 109 1092 758 1174; baseline 0.005 -23"><span class='ocrx_word' id='word_1_38' title='bbox 109 1092 225 1152; x_wconf 88' lang='lat' dir='ltr'>Missum</span> <span class='ocrx_word' id='word_1_39' title='bbox 246 1103 359 1171; x_wconf 86' lang='lat' dir='ltr'>poetae</span> <span class='ocrx_word' id='word_1_40' title='bbox 383 1093 519 1174; x_wconf 77' lang='lat' dir='ltr'>Scaliger</span> <span class='ocrx_word' id='word_1_41' title='bbox 543 1097 594 1155; x_wconf 86' lang='lat' dir='ltr'>dat</span> <span class='ocrx_word' id='word_1_42' title='bbox 616 1097 758 1155; x_wconf 85' lang='lat' dir='ltr'><strong>Heinsio.</strong></span> 
     </span>
    </p>
   </div>
   <div class='ocr_carea' id='block_1_4' title="bbox 51 1260 1010 2171">
    <p class='ocr_par' dir='ltr' id='par_1_5' title="bbox 51 1260 1010 2171">
     <span class='ocr_line' id='line_1_9' title="bbox 109 1260 1010 1343; baseline 0.002 -24"><span class='ocrx_word' id='word_1_43' title='bbox 109 1260 152 1320; x_wconf 82' lang='lat'>26.</span> <span class='ocrx_word' id='word_1_44' title='bbox 186 1263 305 1322; x_wconf 77' lang='lat' dir='ltr'><em>Danieli</em></span> <span class='ocrx_word' id='word_1_45' title='bbox 326 1266 447 1324; x_wconf 80' lang='lat' dir='ltr'>Heinsio</span> <span class='ocrx_word' id='word_1_46' title='bbox 468 1270 631 1342; x_wconf 61' lang='lat' dir='ltr'>oratiorum</span> <span class='ocrx_word' id='word_1_47' title='bbox 651 1270 726 1325; x_wconf 83' lang='lat' dir='ltr'>aetio</span> <span class='ocrx_word' id='word_1_48' title='bbox 749 1285 806 1343; x_wconf 80' lang='lat' dir='ltr'>pro</span> <span class='ocrx_word' id='word_1_49' title='bbox 831 1267 1010 1324; x_wconf 71' lang='lat' dir='ltr'><strong><em>dedicatione</em></strong></span> 
     </span>
     <span class='ocr_line' id='line_1_10' title="bbox 458 1350 654 1410; baseline 0.005 -1"><span class='ocrx_word' id='word_1_50' title='bbox 458 1350 526 1409; x_wconf 75' lang='lat' dir='ltr'>Sitit</span> <span class='ocrx_word' id='word_1_51' title='bbox 547 1354 654 1410; x_wconf 77' lang='lat' dir='ltr'>Italici.</span> 
     </span>
     <span class='ocr_line' id='line_1_11' title="bbox 461 1447 638 1509; baseline 0 -14"><span class='ocrx_word' id='word_1_52' title='bbox 461 1447 504 1495; x_wconf 87' lang='lat' dir='ltr'>Ex</span> <span class='ocrx_word' id='word_1_53' title='bbox 523 1456 638 1509; x_wconf 88' lang='lat' dir='ltr'>tempore</span> 
     </span>
     <span class='ocr_line' id='line_1_12' title="bbox 106 1508 931 1590; baseline 0.004 -20"><span class='ocrx_word' id='word_1_54' title='bbox 106 1508 186 1583; x_wconf 76' lang='lat' dir='ltr'>Quod</span> <span class='ocrx_word' id='word_1_55' title='bbox 208 1522 308 1573; x_wconf 88' lang='lat' dir='ltr'>vester</span> <span class='ocrx_word' id='word_1_56' title='bbox 330 1523 436 1573; x_wconf 87' lang='lat' dir='ltr'>nostro</span> <span class='ocrx_word' id='word_1_57' title='bbox 459 1519 514 1576; x_wconf 90' lang='lat' dir='ltr'>sub</span> <span class='ocrx_word' id='word_1_58' title='bbox 540 1519 660 1577; x_wconf 92' lang='lat' dir='ltr'>nomine</span> <span class='ocrx_word' id='word_1_59' title='bbox 682 1515 788 1590; x_wconf 83' lang='lat' dir='ltr'>Silius,</span> <span class='ocrx_word' id='word_1_60' title='bbox 810 1516 931 1588; x_wconf 89' lang='lat' dir='ltr'>Heinsi,</span> 
     </span>
     <span class='ocr_line' id='line_1_13' title="bbox 142 1597 779 1677; baseline 0.005 -22"><span class='ocrx_word' id='word_1_61' title='bbox 142 1597 297 1675; x_wconf 89' lang='lat' dir='ltr'>Purpureo</span> <span class='ocrx_word' id='word_1_62' title='bbox 320 1609 427 1677; x_wconf 84' lang='lat' dir='ltr'>gentes</span> <span class='ocrx_word' id='word_1_63' title='bbox 449 1602 562 1661; x_wconf 89' lang='lat' dir='ltr'>lumine</span> <span class='ocrx_word' id='word_1_64' title='bbox 584 1603 681 1675; x_wconf 81' lang='lat' dir='ltr'>cultus</span> <span class='ocrx_word' id='word_1_65' title='bbox 702 1602 779 1670; x_wconf 83' lang='lat' dir='ltr'>adit3</span> 
     </span>
     <span class='ocr_line' id='line_1_14' title="bbox 51 1680 1008 1762; baseline -0.005 -17"><span class='ocrx_word' id='word_1_66' title='bbox 51 1739 53 1745; x_wconf 79' lang='grc'>,</span> <span class='ocrx_word' id='word_1_67' title='bbox 104 1680 165 1741; x_wconf 84' lang='lat' dir='ltr'>Nee</span> <span class='ocrx_word' id='word_1_68' title='bbox 184 1702 233 1741; x_wconf 90' lang='lat' dir='ltr'>me</span> <span class='ocrx_word' id='word_1_69' title='bbox 255 1685 315 1742; x_wconf 84' lang='lat' dir='ltr'>hoe</span> <span class='ocrx_word' id='word_1_70' title='bbox 336 1685 495 1759; x_wconf 81' lang='lat' dir='ltr'><strong>duntaxat,</strong></span> <span class='ocrx_word' id='word_1_71' title='bbox 519 1706 580 1762; x_wconf 91' lang='lat' dir='ltr'>qno</span> <span class='ocrx_word' id='word_1_72' title='bbox 602 1707 725 1745; x_wconf 89' lang='lat' dir='ltr'>menon</span> <span class='ocrx_word' id='word_1_73' title='bbox 746 1687 866 1762; x_wconf 85' lang='lat' dir='ltr'>dignor,</span> <span class='ocrx_word' id='word_1_74' title='bbox 880 1685 1008 1756; x_wconf 86' lang='lat' dir='ltr'>honore,</span> 
     </span>
     <span class='ocr_line' id='line_1_15' title="bbox 143 1767 720 1847; baseline 0 -19"><span class='ocrx_word' id='word_1_75' title='bbox 143 1767 201 1828; x_wconf 88' lang='lat' dir='ltr'>Sed</span> <span class='ocrx_word' id='word_1_76' title='bbox 223 1769 389 1829; x_wconf 86' lang='lat' dir='ltr'>devinxisti</span> <span class='ocrx_word' id='word_1_77' title='bbox 411 1781 533 1847; x_wconf 86' lang='lat' dir='ltr'>postera</span> <span class='ocrx_word' id='word_1_78' title='bbox 555 1772 637 1829; x_wconf 81' lang='lat' dir='ltr'>secla</span> <span class='ocrx_word' id='word_1_79' title='bbox 656 1772 720 1829; x_wconf 88' lang='lat' dir='ltr'>tibi.</span> 
     </span>
     <span class='ocr_line' id='line_1_16' title="bbox 98 1851 947 1932; baseline -0.005 -20"><span class='ocrx_word' id='word_1_80' title='bbox 98 1851 185 1926; x_wconf 71' lang='lat' dir='ltr'>vQuod</span> <span class='ocrx_word' id='word_1_81' title='bbox 204 1854 301 1913; x_wconf 89' lang='lat' dir='ltr'>solum</span> <span class='ocrx_word' id='word_1_82' title='bbox 324 1874 464 1932; x_wconf 90' lang='lat' dir='ltr'>possum,</span> <span class='ocrx_word' id='word_1_83' title='bbox 488 1858 560 1932; x_wconf 84' lang='lat' dir='ltr'>quia</span> <span class='ocrx_word' id='word_1_84' title='bbox 579 1876 627 1915; x_wconf 90' lang='lat' dir='ltr'>me</span> <span class='ocrx_word' id='word_1_85' title='bbox 650 1855 704 1914; x_wconf 91' lang='lat' dir='ltr'>tibi</span> <span class='ocrx_word' id='word_1_86' title='bbox 728 1855 822 1913; x_wconf 89' lang='lat' dir='ltr'>debeo</span> <span class='ocrx_word' id='word_1_87' title='bbox 842 1859 947 1924; x_wconf 85' lang='lat' dir='ltr'>totum,</span> 
     </span>
     <span class='ocr_line' id='line_1_17' title="bbox 139 1934 878 2018; baseline 0.001 -22"><span class='ocrx_word' id='word_1_88' title='bbox 139 1940 186 1997; x_wconf 91' lang='lat' dir='ltr'>Me</span> <span class='ocrx_word' id='word_1_89' title='bbox 211 1947 308 1997; x_wconf 91' lang='lat' dir='ltr'>totum</span> <span class='ocrx_word' id='word_1_90' title='bbox 325 1960 422 1999; x_wconf 88' lang='lat' dir='ltr'>voveo</span> <span class='ocrx_word' id='word_1_91' title='bbox 441 1955 562 2018; x_wconf 82' lang='lat' dir='ltr'>tempus</span> <span class='ocrx_word' id='word_1_92' title='bbox 583 1942 615 2000; x_wconf 91' lang='lat' dir='ltr'>in</span> <span class='ocrx_word' id='word_1_93' title='bbox 637 1961 727 2000; x_wconf 92' lang='lat' dir='ltr'>omne</span> <span class='ocrx_word' id='word_1_94' title='bbox 752 1941 816 1999; x_wconf 89' lang='lat' dir='ltr'>tibi.</span> <span class='ocrx_word' id='word_1_95' title='bbox 875 1934 878 1991; x_wconf 78' lang='grc' dir='ltr'>Ῐ</span> 
     </span>
     <span class='ocr_line' id='line_1_18' title="bbox 103 2019 989 2105; baseline -0.003 -25"><span class='ocrx_word' id='word_1_96' title='bbox 103 2019 166 2092; x_wconf 79' lang='lat' dir='ltr'>sed,</span> <span class='ocrx_word' id='word_1_97' title='bbox 175 2043 252 2099; x_wconf 89' lang='lat' dir='ltr'>quas</span> <span class='ocrx_word' id='word_1_98' title='bbox 273 2025 446 2098; x_wconf 83' lang='lat' dir='ltr'>debueram,</span> <span class='ocrx_word' id='word_1_99' title='bbox 466 2046 564 2103; x_wconf 90' lang='lat' dir='ltr'>neque</span> <span class='ocrx_word' id='word_1_100' title='bbox 585 2046 712 2105; x_wconf 87' lang='lat' dir='ltr'>possum</span> <span class='ocrx_word' id='word_1_101' title='bbox 734 2027 854 2085; x_wconf 84' lang='lat' dir='ltr'>solvere</span> <span class='ocrx_word' id='word_1_102' title='bbox 876 2029 989 2099; x_wconf 80' lang='lat' dir='ltr'>gretes,</span> 
     </span>
     <span class='ocr_line' id='line_1_19' title="bbox 138 2109 710 2171; baseline 0.003 -3"><span class='ocrx_word' id='word_1_103' title='bbox 138 2109 235 2168; x_wconf 83' lang='lat' dir='ltr'>Atibi</span> <span class='ocrx_word' id='word_1_104' title='bbox 258 2109 398 2168; x_wconf 85' lang='lat' dir='ltr'>devincta</span> <span class='ocrx_word' id='word_1_105' title='bbox 418 2111 599 2171; x_wconf 84' lang='lat' dir='ltr'>Posteritate</span> <span class='ocrx_word' id='word_1_106' title='bbox 618 2113 710 2170; x_wconf 86' lang='lat' dir='ltr'>feras.</span> 
     </span>
    </p>
   </div>
   <div class='ocr_carea' id='block_1_5' title="bbox 101 2279 815 2611">
    <p class='ocr_par' dir='ltr' id='par_1_6' title="bbox 101 2279 815 2611">
     <span class='ocr_line' id='line_1_20' title="bbox 284 2279 815 2356; baseline 0.006 -21"><span class='ocrx_word' id='word_1_107' title='bbox 284 2279 334 2336; x_wconf 72' lang='lat'>27.</span> <span class='ocrx_word' id='word_1_108' title='bbox 378 2281 425 2337; x_wconf 86' lang='lat' dir='ltr'>De</span> <span class='ocrx_word' id='word_1_109' title='bbox 446 2280 573 2340; x_wconf 82' lang='lat' dir='ltr'>Heoriro</span> <span class='ocrx_word' id='word_1_110' title='bbox 593 2281 671 2356; x_wconf 69' lang='lat' dir='ltr'>Reor</span> <span class='ocrx_word' id='word_1_111' title='bbox 693 2291 815 2339; x_wconf 81' lang='lat' dir='ltr'>rerooto.</span> 
     </span>
     <span class='ocr_line' id='line_1_21' title="bbox 101 2358 704 2440; baseline 0.008 -23"><span class='ocrx_word' id='word_1_112' title='bbox 101 2358 220 2439; x_wconf 87' lang='lat' dir='ltr'>Duplex</span> <span class='ocrx_word' id='word_1_113' title='bbox 242 2370 382 2440; x_wconf 87' lang='lat' dir='ltr'>potestas</span> <span class='ocrx_word' id='word_1_114' title='bbox 402 2364 611 2424; x_wconf 66' lang='lat' dir='ltr'>ista-fatorum</span> <span class='ocrx_word' id='word_1_115' title='bbox 636 2366 704 2435; x_wconf 84' lang='lat' dir='ltr'>fuit,</span> 
     </span>
     <span class='ocr_line' id='line_1_22' title="bbox 102 2443 751 2524; baseline 0.003 -21"><span class='ocrx_word' id='word_1_116' title='bbox 102 2443 193 2507; x_wconf 86' lang='lat' dir='ltr'>Gallis</span> <span class='ocrx_word' id='word_1_117' title='bbox 217 2448 309 2506; x_wconf 84' lang='lat' dir='ltr'>saluti</span> <span class='ocrx_word' id='word_1_118' title='bbox 334 2449 416 2524; x_wconf 92' lang='lat' dir='ltr'>quod</span> <span class='ocrx_word' id='word_1_119' title='bbox 439 2450 529 2521; x_wconf 88' lang='lat' dir='ltr'>foret,</span> <span class='ocrx_word' id='word_1_120' title='bbox 549 2449 647 2509; x_wconf 89' lang='lat' dir='ltr'>Gallis</span> <span class='ocrx_word' id='word_1_121' title='bbox 669 2450 751 2519; x_wconf 88' lang='lat' dir='ltr'>dare,</span> 
     </span>
     <span class='ocr_line' id='line_1_23' title="bbox 102 2527 783 2611; baseline -0.003 -20"><span class='ocrx_word' id='word_1_122' title='bbox 102 2527 225 2591; x_wconf 82' lang='lat' dir='ltr'>Servare</span> <span class='ocrx_word' id='word_1_123' title='bbox 245 2532 344 2593; x_wconf 85' lang='lat' dir='ltr'>Gallis</span> <span class='ocrx_word' id='word_1_124' title='bbox 366 2535 447 2610; x_wconf 93' lang='lat' dir='ltr'>quod</span> <span class='ocrx_word' id='word_1_125' title='bbox 469 2535 604 2594; x_wconf 86' lang='lat' dir='ltr'>dedisset</span> <span class='ocrx_word' id='word_1_126' title='bbox 626 2534 783 2611; x_wconf 90' lang='lat' dir='ltr'>optimum.</span> 
     </span>
    </p>
   </div>
   <div class='ocr_carea' id='block_1_6' title="bbox 100 2703 865 3626">
    <p class='ocr_par' dir='ltr' id='par_1_7' title="bbox 100 2703 865 3626">
     <span class='ocr_line' id='line_1_24' title="bbox 395 2703 762 2763; baseline 0.003 -2"><span class='ocrx_word' id='word_1_127' title='bbox 395 2703 445 2762; x_wconf 85' lang='grc'>28.</span> <span class='ocrx_word' id='word_1_128' title='bbox 490 2706 533 2762; x_wconf 62' lang='lat' dir='ltr'>In&gt;</span> <span class='ocrx_word' id='word_1_129' title='bbox 557 2705 705 2763; x_wconf 78' lang='lat' dir='ltr'>Veronam.</span> <span class='ocrx_word' id='word_1_130' title='bbox 758 2712 762 2723; x_wconf 82' lang='lat'><em>&#39;</em></span> 
     </span>
     <span class='ocr_line' id='line_1_25' title="bbox 103 2784 650 2863; baseline 0.005 -20"><span class='ocrx_word' id='word_1_131' title='bbox 103 2784 202 2845; x_wconf 84' lang='lat' dir='ltr'>Ocelle</span> <span class='ocrx_word' id='word_1_132' title='bbox 228 2788 342 2860; x_wconf 90' lang='lat' dir='ltr'>mundi,</span> <span class='ocrx_word' id='word_1_133' title='bbox 364 2788 448 2847; x_wconf 89' lang='lat' dir='ltr'>sidus</span> <span class='ocrx_word' id='word_1_134' title='bbox 471 2789 542 2846; x_wconf 83' lang='lat' dir='ltr'><strong>Itali</strong></span> <span class='ocrx_word' id='word_1_135' title='bbox 562 2789 650 2863; x_wconf 81' lang='lat' dir='ltr'>caeli,</span> 
     </span>
     <span class='ocr_line' id='line_1_26' title="bbox 100 2870 865 2950; baseline 0.005 -22"><span class='ocrx_word' id='word_1_136' title='bbox 100 2870 163 2931; x_wconf 80' lang='lat' dir='ltr'>Flos</span> <span class='ocrx_word' id='word_1_137' title='bbox 183 2872 314 2945; x_wconf 86' lang='lat' dir='ltr'>urbium,</span> <span class='ocrx_word' id='word_1_138' title='bbox 336 2874 406 2947; x_wconf 88' lang='lat' dir='ltr'>flos,</span> <span class='ocrx_word' id='word_1_139' title='bbox 430 2874 641 2950; x_wconf 75' lang='lat' dir='ltr'>consulumque</span> <span class='ocrx_word' id='word_1_140' title='bbox 662 2894 865 2948; x_wconf 86' lang='lat' dir='ltr'>amoenarum,</span> 
     </span>
     <span class='ocr_line' id='line_1_27' title="bbox 101 2953 795 3034; baseline 0.006 -21"><span class='ocrx_word' id='word_1_141' title='bbox 101 2953 176 3027; x_wconf 77' lang='lat' dir='ltr'>Quot</span> <span class='ocrx_word' id='word_1_142' title='bbox 199 2965 280 3029; x_wconf 87' lang='lat' dir='ltr'>sunt,</span> <span class='ocrx_word' id='word_1_143' title='bbox 302 2966 439 3029; x_wconf 81' lang='lat' dir='ltr'>eruntve,</span> <span class='ocrx_word' id='word_1_144' title='bbox 458 2967 532 3034; x_wconf 89' lang='lat' dir='ltr'>quot</span> <span class='ocrx_word' id='word_1_145' title='bbox 552 2960 647 3033; x_wconf 88' lang='lat' dir='ltr'>fuere,</span> <span class='ocrx_word' id='word_1_146' title='bbox 672 2960 795 3018; x_wconf 86' lang='lat' dir='ltr'>Verona</span> 
     </span>
     <span class='ocr_line' id='line_1_28' title="bbox 100 3038 778 3121; baseline 0.006 -24"><span class='ocrx_word' id='word_1_147' title='bbox 100 3038 209 3100; x_wconf 91' lang='lat' dir='ltr'>Brenni</span> <span class='ocrx_word' id='word_1_148' title='bbox 231 3044 401 3120; x_wconf 74' lang='lat' dir='ltr'>smaragde,</span> <span class='ocrx_word' id='word_1_149' title='bbox 426 3044 630 3121; x_wconf 84' lang='lat' dir='ltr'>transpadane</span> <span class='ocrx_word' id='word_1_150' title='bbox 651 3045 778 3120; x_wconf 78' lang='lat' dir='ltr'>beryllo,</span> 
     </span>
     <span class='ocr_line' id='line_1_29' title="bbox 101 3122 722 3205; baseline 0.006 -22"><span class='ocrx_word' id='word_1_151' title='bbox 101 3122 255 3187; x_wconf 84' lang='lat' dir='ltr'>Gallorum</span> <span class='ocrx_word' id='word_1_152' title='bbox 275 3129 384 3205; x_wconf 85' lang='lat' dir='ltr'>iaspis,</span> <span class='ocrx_word' id='word_1_153' title='bbox 406 3129 568 3205; x_wconf 81' lang='lat' dir='ltr'>margarite</span> <span class='ocrx_word' id='word_1_154' title='bbox 590 3129 722 3187; x_wconf 79' lang='lat' dir='ltr'>Benaci:</span> 
     </span>
     <span class='ocr_line' id='line_1_30' title="bbox 101 3212 692 3290; baseline 0.002 -21"><span class='ocrx_word' id='word_1_155' title='bbox 101 3212 185 3287; x_wconf 85' lang='lat' dir='ltr'>Apex</span> <span class='ocrx_word' id='word_1_156' title='bbox 209 3231 369 3290; x_wconf 90' lang='lat' dir='ltr'>supremus</span> <span class='ocrx_word' id='word_1_157' title='bbox 391 3213 560 3289; x_wconf 85' lang='lat' dir='ltr'>elegantiae</span> <span class='ocrx_word' id='word_1_158' title='bbox 580 3233 692 3284; x_wconf 90' lang='lat' dir='ltr'>rerum,</span> 
     </span>
     <span class='ocr_line' id='line_1_31' title="bbox 100 3294 772 3374; baseline 0.004 -22"><span class='ocrx_word' id='word_1_159' title='bbox 100 3294 134 3353; x_wconf 77' lang='lat' dir='ltr'>Et</span> <span class='ocrx_word' id='word_1_160' title='bbox 153 3306 235 3355; x_wconf 86' lang='lat' dir='ltr'>meta</span> <span class='ocrx_word' id='word_1_161' title='bbox 259 3316 388 3371; x_wconf 86' lang='lat' dir='ltr'>summa,</span> <span class='ocrx_word' id='word_1_162' title='bbox 410 3298 615 3374; x_wconf 87' lang='lat' dir='ltr'>daedalaeque</span> <span class='ocrx_word' id='word_1_163' title='bbox 638 3307 772 3356; x_wconf 76' lang='lat' dir='ltr'>naturae.</span> 
     </span>
     <span class='ocr_line' id='line_1_32' title="bbox 101 3377 836 3459; baseline -0.001 -19"><span class='ocrx_word' id='word_1_164' title='bbox 101 3377 192 3453; x_wconf 79' lang='lat' dir='ltr'>Quam</span> <span class='ocrx_word' id='word_1_165' title='bbox 213 3383 314 3441; x_wconf 88' lang='lat' dir='ltr'>fronte</span> <span class='ocrx_word' id='word_1_166' title='bbox 339 3402 437 3459; x_wconf 86' lang='lat' dir='ltr'>prona</span> <span class='ocrx_word' id='word_1_167' title='bbox 457 3383 651 3459; x_wconf 76' lang='lat' dir='ltr'>testibusque</span> <span class='ocrx_word' id='word_1_168' title='bbox 674 3380 836 3442; x_wconf 86' lang='lat' dir='ltr'>submissis</span> 
     </span>
     <span class='ocr_line' id='line_1_33' title="bbox 100 3462 756 3546; baseline 0.005 -23"><span class='ocrx_word' id='word_1_169' title='bbox 100 3462 194 3528; x_wconf 88' lang='lat' dir='ltr'>Urbes</span> <span class='ocrx_word' id='word_1_170' title='bbox 216 3467 355 3541; x_wconf 83' lang='lat' dir='ltr'>adorent,</span> <span class='ocrx_word' id='word_1_171' title='bbox 379 3476 409 3525; x_wconf 90' lang='lat' dir='ltr'>et</span> <span class='ocrx_word' id='word_1_172' title='bbox 429 3469 569 3526; x_wconf 89' lang='lat' dir='ltr'>lubenter</span> <span class='ocrx_word' id='word_1_173' title='bbox 590 3477 756 3546; x_wconf 75' lang='lat' dir='ltr'>agnoscant</span> 
     </span>
     <span class='ocr_line' id='line_1_34' title="bbox 101 3547 693 3626; baseline 0.005 -19"><span class='ocrx_word' id='word_1_174' title='bbox 101 3547 233 3613; x_wconf 87' lang='lat' dir='ltr'>Sublime</span> <span class='ocrx_word' id='word_1_175' title='bbox 256 3548 425 3613; x_wconf 82' lang='lat' dir='ltr'>maiestatis</span> <span class='ocrx_word' id='word_1_176' title='bbox 449 3553 560 3611; x_wconf 89' lang='lat' dir='ltr'>arduae</span> <span class='ocrx_word' id='word_1_177' title='bbox 580 3553 693 3626; x_wconf 91' lang='lat' dir='ltr'>lumen,</span> 
     </span>
    </p>
   </div>
   <div class='ocr_carea' id='block_1_7' title="bbox 0 0 1270 4216">
    <p class='ocr_par' dir='ltr' id='par_1_8' title="bbox 0 0 1270 4216">
     <span class='ocr_line' id='line_1_35' title="bbox 0 0 1270 4216; baseline 0 3"><span class='ocrx_word' id='word_1_178' title='bbox 0 0 1270 4216; x_wconf 95' lang='lat' dir='ltr'> </span> 
     </span>
    </p>
   </div>
  </div>
 </body>
</html>
