2502 4218
559 285 565 297 ’
618 333 769 429 ..iu-

238 502 281 561 Di
303 501 458 579 prohibete
480 502 580 561 nefas.
603 502 746 575 habeant,
769 520 843 576 quos
862 502 1113 576 temperacula

238 588 322 646 Laus
345 587 447 646 aliena
468 587 540 645 sinit
553 605 683 658 ,securos
708 605 834 663 carpere
857 604 993 659 somnos,
1023 642 1026 647 ,

239 672 335 747 Inque
356 672 425 733 aliis
448 672 551 745 odere,
573 672 632 731 sibi
651 672 730 747 quod
751 673 861 731 abesse
881 679 1059 746 queruntur,

239 756 313 817 Non
335 776 414 833 quos
435 756 576 834 ingenuis
600 757 752 817 decorosit‘
765 757 918 815 natalibus
942 764 1039 828 actus,

239 843 279 901 Et
299 843 408 917 quibus
429 842 556 903 incaluit
576 861 728 919 generoso
745 841 894 920 sunguine
916 850 1033 917 pentus.

239 927 371 989 Ventum
394 934 444 989 est
464 928 505 989 sd
523 946 683 987 summum.
707 927 785 987 nihil
806 946 825 984 a
846 926 949 985 livoris
972 927 1070 1001 iniqui

239 1011 391 1072 Dentibus
412 1012 557 1073 intactum
580 1020 637 1071 est.
663 1012 781 1077 scandit
801 1012 862 1070 iem
884 1011 987 1070 sidera
1005 1011 1116 1089 pestis.

163 1100 168 1109 ’
241 1097 391 1173 Quocirca
409 1105 548 1157 moestae
570 1096 695 1157 deiectis
717 1097 850 1156 vulnbas
870 1100 962 1156 Artes

240 1182 346 1243 Exilio
366 1182 490 1241 voluere
512 1190 658 1241 nocentes
682 1190 799 1240 vertere
819 1189 917 1240 tetrus

239 1267 365 1326 Exosse
384 1266 490 1344 nigros
512 1285 613 1326 mores
635 1275 666 1325 et
685 1267 812 1326 crimina
836 1266 940 1329 saecli.

239 1352 366 1426 Iamque
386 1352 417 1409 in
437 1351 596 1427 procinctu
615 1359 777 1424 steterunt,
799 1352 973 1426 abitumque
993 1350 1154 1427 parabant,

241 1435 344 1512 Quum
366 1436 422 1494 tibi
442 1454 533 1508 mors,
554 1436 653 1512 lipsi,
676 1437 779 1497 fessos
800 1437 933 1513 operiret
948 1436 1079 1495 ocellos.
1140 1456 1143 1465 ·

240 1520 359 1579 Invicta
382 1529 413 1579 at
434 1520 531 1596 pietus
554 1521 703 1596 tantisper
723 1529 805 1580 stone
828 1522 936 1599 coegit,
1023 1544 1027 1557 ¹

241 1605 324 1664 Dum
345 1624 489 1683 supremo
509 1625 563 1665 suo
586 1606 753 1665 solvissent
773 1607 855 1664 iusta
873 1607 1002 1683 putenti.

241 1692 317 1750 Mox
340 1700 370 1749 te
391 1691 458 1763 illa,
477 1711 540 1766 quo
564 1699 596 1751 tu
615 1690 736 1768 fugisti,
759 1691 837 1751 calle
855 1701 1027 1766 sequentur.

240 1776 330 1836 Felix
349 1797 367 1837 o
387 1776 512 1835 nimium
533 1776 618 1835 felix.
643 1777 813 1837 viventibus
840 1776 925 1849 olim,

241 1861 357 1925 Vixisti
379 1862 502 1923 studiis:
524 1862 650 1921 moreris
669 1861 1010 1922 morientibusiisdem.

398 2029 445 2088 10.
485 2030 681 2107 Epitaphium
703 2032 749 2088 Io.
772 2031 893 2088 Boisslli
915 2032 942 2088 I.
965 2028 998 2087 0.
1109 2020 1114 2029 ’

240 2113 341 2189 Quae,
362 2113 510 2185 Boiselle‚
533 2114 591 2173 fuit
615 2122 754 2173 votorum
775 2133 895 2175 summu
916 2122 1044 2186 tuorum,
1148 2176 1152 2185 K

284 2197 333 2259 En
351 2198 503 2258 volvenda
522 2199 600 2257 ultro
618 2200 747 2259 contulit
766 2200 839 2257 hora
854 2198 919 2258 tibi.

244 2282 336 2358 Quod
356 2304 416 2343 non
441 2284 566 2345 ulterius
589 2283 678 2343 terris
703 2284 864 2344 considere
887 2284 994 2356 velles,

285 2367 384 2444 Quam
406 2369 521 2444 pattici
539 2387 651 2446 posses
676 2370 759 2429 utilis
783 2387 852 2429 esse
872 2379 951 2427 tuna

243 2451 327 2517 Nam
346 2455 485 2529 quomis
507 2454 616 2513 haustu
635 2453 819 2515 Phoebnese
843 2454 919 2513 lucis
939 2454 1059 2512 ademto

284 2538 439 2616 Perpetua
457 2549 527 2598 ante
550 2539 657 2599 oculos
678 2561 740 2599 nox
764 2540 848 2598 stetit
867 2547 933 2596 stro
951 2547 1036 2597 tuos:

243 2622 432 2682 Indelibatee
451 2623 547 2684 virtus
566 2634 668 2685 tamen
685 2626 809 2702 'integra
825 2624 954 2696 mentis,

284 2707 325 2765 Et
344 2729 400 2784 pro
422 2709 558 2769 sollicitis
582 2710 712 2787 impigra
733 2728 806 2768 cura
824 2709 898 2779 reis,

243 2790 372 2871 Semper
393 2794 553 2853 inextincti
575 2795 695 2855 suffecit
715 2794 840 2853 luminis
863 2813 961 2864 usum,

285 2876 390 2938 Civica
411 2899 464 2955 pro
482 2881 583 2940 dubiis
608 2880 818 2945 litibusarma
840 2879 953 2937 ferens.

241 2967 288 3022 Ac
309 2982 451 3041 suprema
473 2966 544 3024 licet
565 2965 665 3043 spatio
685 2964 741 3022 tibi
762 2965 831 3041 vita⁸
845 2971 968 3040 peracto

286 3046 462 3127 stringebat
479 3060 576 3108 metus
598 3048 740 3107 interiore
764 3057 848 3107 rota:

242 3135 395 3207 Mansisti,
420 3144 452 3195 ut
472 3154 581 3213 posses
604 3133 721 3209 patriae
743 3152 925 3210 componere
945 3131 1031 3200 lites;

285 3218 454 3295 Postquam
475 3228 625 3297 perpetua
644 3218 698 3275 lite
721 3218 859 3291 laborat‚.
876 3219 952 3276 obis.

382 3390 430 3446 11.
473 3389 668 3464 Epitaphium
693 3388 811 3465 esaya
833 3389 1018 3448 sanciant.

240 3471 411 3549 Postquam
430 3472 520 3531 laude
542 3480 594 3529 tua
615 3473 757 3549 petriam,
776 3473 953 3547 meritisque
974 3472 1086 3543 beasti,

285 3557 482 3629 Rachousoi,
504 3557 571 3616 tuis«
586 3554 667 3617 Solis
689 3567 847 3633 utrumqne
864 3558 963 3629 latus:
