2586 4214
514 360 664 454 Q

75 580 77 583 .
132 531 192 588 Ast
214 528 292 586 alius
317 528 357 585 ad
377 528 500 587 lavacra
518 529 742 588 inextricabiles

132 613 250 688 Laquei
272 614 410 671 nocentis
434 633 542 674 caecus
566 615 728 692 explorans
752 615 827 686 vias,

135 697 292 759 Scelestac
314 699 441 758 amictus
466 699 622 758 involucro
644 698 809 775 compedac

133 784 274 842 Manibus
294 784 426 859 requiret
447 785 601 861 impeditis
625 785 743 842 exitus:

135 867 328 942 Caveamque
351 870 454 926 subter
476 870 580 928 balnei
604 871 741 941 minans,
763 869 861 926 lacum

134 952 269 1012 Oerebro
288 962 425 1012 recenter
445 962 535 1031 atque
556 953 728 1032 pollubrum
747 955 871 1025 imbuat,

134 1036 235 1098 Sceua
257 1037 384 1114 bipenni
406 1039 531 1099 dissitus
553 1039 684 1097 medium
708 1047 806 1114 caput

132 1127 176 1181 At
197 1123 303 1180 umbra
324 1123 409 1200 pulla
429 1125 598 1201 pervolabit
618 1124 802 1196 Taenarum,

133 1212 253 1266 Aversa
275 1210 479 1267 abominanda
504 1217 643 1286 scraptae
667 1210 779 1266 munia.

134 1293 199 1370 Ego
219 1294 307 1352 stabo
329 1304 455 1370 propter
478 1295 596 1353 naviam
617 1296 721 1352 iacens
741 1295 843 1366 humu,

133 1377 244 1437 Divisa
264 1378 398 1436 aheneae
419 1380 534 1438 securis
557 1381 693 1452 verbere,
755 1410 759 1420 ·

135 1460 211 1522 Cum
232 1464 274 1521 mi
295 1465 433 1540 supinum
454 1465 587 1541 stipitem
608 1472 660 1522 aut
680 1472 816 1522 munaum
840 1464 918 1525 ilicis

133 1548 299 1607 Frondator
318 1549 427 1624 aliquis
445 1559 478 1607 ut
500 1550 604 1624 opifex
622 1549 778 1620 lumsriua‚

133 1632 256 1692 Illustrc
278 1634 390 1691 collum
413 1635 533 1711 franget
554 1642 584 1690 et
600 1644 720 1710 ,tergum
744 1642 863 1710 patens,

134 1718 175 1776 Et
197 1737 286 1777 omne
310 1720 420 1776 acerba
441 1719 600 1777 lancinatis
623 1737 734 1794 corpus
757 1738 844 1776 cruce

133 1804 265 1861 Excctra
287 1802 390 1878 dipsas
411 1804 571 1862 imminens
594 1803 772 1874 cervicibus,

134 1889 201 1946 iras
224 1907 344 1945 amarae
364 1888 435 1947 bilis
459 1888 594 1964 explebit
616 1906 697 1959 suas,

133 1972 177 2032 Ut
197 1993 260 2031 non
282 1973 375 2030 duelli
395 1974 459 2031 iure
480 1982 608 2050 captam,
629 1982 660 2030 at
683 1974 844 2031 succubam

135 2055 265 2118 Stimulo
285 2059 397 2117 furoris
416 2060 479 2117 ulta
502 2079 551 2116 me
571 2058 760 2135 impatibili,

135 2141 243 2202 Surdis
267 2143 399 2219 querelis
423 2145 582 2221 coniugem
605 2145 740 2203 clamans
759 2145 874 2217 herum,

135 2226 262 2286 Curram
285 2237 409 2303 repente
434 2231 598 2289 convolans
622 2229 791 2306 perniciter.

136 2310 198 2372 Sed
218 2314 369 2390 Vertagu's
389 2316 526 2390 parentis
548 2315 698 2392 indagans
721 2333 837 2388 necem,

135 2396 275 2457 Crudelis
300 2418 404 2458 ensem
428 2408 544 2476 merget
566 2400 644 2457 extis
667 2399 804 2474 viperae:

136 2481 259 2541 Gentile
280 2502 392 2542 sanans
416 2485 562 2560 prodigus
586 2484 698 2541 malum
719 2482 812 2540 malo.

136 2565 199 2627 Sed
218 2569 264 2625 vir
284 2588 381 2642 meus,
403 2589 459 2626 rex
483 2569 643 2627 servientis
666 2568 813 2644 coniugis,

137 2653 263 2729 Lepidis
287 2654 400 2712 coletur
422 2653 584 2730 Spartiatis
607 2653 754 2729 Iuppiter,

42 2796 48 2803 ,
135 2736 294 2796 Honorum
316 2741 444 2816 adeptus
470 2738 580 2798 Oebali
600 2738 678 2795 natis
700 2737 819 2813 vice[s].

135 2822 223 2882 Meus
246 2842 302 2882 nec
321 2825 399 2882 ultra
422 2825 519 2881 cultus
539 2823 728 2900 ignorabitur

138 2907 308 2968 Obliviosis
329 2911 455 2968 obrutus
476 2908 621 2968 silentiis:

136 2991 306 3069 Colentque
323 2995 445 3069 templis
469 2994 628 3069 optimates
651 2992 765 3050 Daunii

136 3075 247 3155 Salpas
270 3079 422 3152 adoram,
444 3079 552 3154 quique
577 3087 699 3137 servant
720 3078 896 3138 Dardanum

136 3163 262 3235 Urbem,
283 3165 403 3241 paludis
426 3164 556 3239 proximi
574 3164 722 3241 voragini.

136 3245 198 3308 Sed
221 3257 251 3308 et
271 3257 414 3308 caventes
434 3249 593 3326 coniugale
613 3249 777 3324 vinculum,

135 3333 238 3392 Pusae
258 3335 390 3393 virorum
411 3334 513 3392 taedio
533 3334 709 3392 deformium

137 3417 242 3477 Oomis
266 3428 405 3478 recenter
425 3419 568 3479 Hectoris
593 3420 761 3478 nitentium.

135 3502 305 3581 Insignium
328 3505 444 3564 formae
467 3512 519 3562 aut
540 3505 621 3562 notis
641 3504 797 3577 natalium,

135 3592 216 3647 Arae
237 3589 359 3648 lacertis
382 3589 614 3666 implicabuntur
635 3609 732 3664 meae,
