2604 4210
599 284 783 416 'nin

253 470 301 550 55⁴
324 516 326 520 ·
473 487 618 550 Adonidis
639 492 780 568 suffimen,
801 500 943 553 aromata.

253 575 300 635 Ta
322 574 408 633 vario
429 573 566 635 obtestor
593 576 649 634 sub
673 577 798 636 nomine
817 575 878 635 Die
899 575 1040 650 Camilla,

253 659 478 732 Mollieomans,
499 667 529 718 et
550 660 709 735 radicale,
732 669 821 736 atque
842 661 997 738 leporibus
1018 682 1150 741 angens,

253 743 357 805 Oonse
377 743 474 815 Deus,
497 744 653 817 Volturno,
676 746 851 807 alimentum
874 747 979 807 nobile
1001 767 1114 823 reruni,

252 830 347 903 Pasa,
370 849 456 905 puer,
483 830 598 890 eunetis
620 829 806 893 viridescens
834 849 954 907 semper
972 832 1105 907 Adonis,

254 915 383 988 Oeease,
406 921 436 972 ot
452 913 586 973 rediviva
610 916 696 975 statis
718 917 906 975 vortentibus
926 917 1027 990 annis,

254 998 383 1077 Semper
402 998 513 1071 adulte,
535 999 678 1074 bicornis,
700 1001 843 1074 amabili’,
863 1000 1082 1075 laorumieulte‚

252 1085 395 1156 Poleher,
417 1092 527 1142 venatu
549 1084 696 1162 gaudens,
719 1086 985 1163 promissieapille,

252 1170 375 1243 Viuule,
398 1169 548 1227 corculum
571 1188 699 1228 amenae
721 1170 833 1244 Divae,
855 1190 979 1248 germen
1003 1170 1131 1243 amoris,

252 1252 350 1328 Quam
371 1255 453 1313 bona
476 1253 723 1330 polehriaomans
745 1256 930 1331 Proserpina
950 1255 1013 1314 Dia
1035 1254 1160 1331 perivit,

254 1339 447 1400 Omnimodis
472 1339 523 1414 qui
545 1357 625 1397 nune
646 1341 762 1401 habitat
783 1361 837 1417 per
858 1346 971 1400 tartara
994 1341 1100 1412 furvu3

254 1423 300 1482 Te
322 1442 441 1483 rursum
461 1422 546 1482 eaelo
566 1424 696 1483 reddens
718 1433 928 1503 tempestaqne
950 1427 1098 1499 membra,

253 1508 322 1567 Huo
341 1509 384 1568 sis
406 1508 577 1567 flaminibus
599 1509 750 1571 deducens
772 1511 910 1589 germina
930 1520 1040 1569 terrae.

254 1679 295 1738 56
330 1680 370 1739 M
368 1681 472 1738 eraaai
484 1680 657 1738 Tellumoaia
670 1678 822 1739 Summani
836 1681 976 1756 suffimen,
988 1690 1141 1739 storacem.

253 1764 315 1839 Qui
336 1763 412 1823 eolis
434 1766 631 1823 Amsanctum
655 1772 684 1822 et
707 1765 787 1823 viem
809 1765 1030 1829 inexorabilem
1041 1766 1168 1839 Averni,

253 1848 472 1923 Pallentesque
497 1849 614 1908 animas
636 1850 692 1908 sub
716 1849 815 1909 tristia
836 1858 949 1909 tartara
969 1850 1064 1913 mittis

253 1933 406 2006 Tellumo,
425 1933 534 1992 laseivi
555 1934 643 2009 patri'
662 1934 766 1993 Liberi
788 1935 911 1994 alumna
933 1954 1082 2012 propago,

175 2082 177 2085 .
251 2021 351 2093 Atque
371 2018 549 2077 venustatis
568 2018 670 2092 Divai,
692 2020 821 2078 Martiae
844 2039 982 2093 anianae,

253 2104 316 2179 Qui
336 2122 391 2179 per
408 2103 570 2161 Larundae
594 2105 728 2163 sacraria
750 2114 855 2167 saneta
874 2105 1008 2183 vagaris,

252 2190 422 2266 Aegrorum
443 2187 606 2245 Lemurum
627 2189 683 2249 sub
705 2198 796 2263 terra,
820 2209 950 2250 aceensa
970 2190 1080 2262 viator,

251 2272 377 2336 Duoans
399 2291 466 2330 eum
488 2272 573 2331 stetit
594 2273 648 2330 illa
675 2274 740 2334 dies
761 2294 821 2350 qua
841 2277 943 2335 Morta
960 2275 1084 2352 profata
1107 2284 1168 2346 θεῖς

253 2356 419 2435 Sagminea
438 2358 513 2416 rude
533 2357 592 2416 Die
613 2360 758 2433 soporifer
777 2361 878 2418 omnia
897 2360 1045 2433 muleens,

247 2443 384 2501 'Lumina
402 2443 475 2503 item
493 2443 603 2501 fallace
625 2445 762 2502 natantia
781 2453 877 2504 morte
901 2446 1072 2522 resignans.

253 2528 335 2603 (Hoc
356 2528 413 2587 tibi
432 2548 502 2587 nam
526 2529 670 2587 Larunda
693 2530 775 2588 dedit
795 2538 936 2606 praetura
957 2531 989 2588 in
1007 2533 1142 2603 Averna,

252 2613 394 2672 Manibus
418 2615 550 2673 aeternis
569 2614 743 2672 mortalium
765 2616 823 2673 iter
843 2614 994 2692 comitari)

252 2697 440 2757 Flaminibus
463 2699 585 2757 tandem
609 2699 648 2757 da
668 2700 802 2761 faustum
822 2700 854 2759 in
874 2697 956 2760 rabu’
979 2699 1123 2759 laborem.

254 2868 294 2926 57
477 2866 628 2944 Cupidinis
649 2870 790 2944 suffimen,
810 2878 953 2929 aromata.
1044 2912 1047 2919 .

252 2954 363 3030 Magne
385 2971 460 3013 voeo
479 2960 509 3010 te
531 2954 658 3029 purime,
681 2952 827 3028 amabili’,
846 2953 958 3013 blande
980 2953 1110 3030 Cupido,

252 3038 444 3110 Arcitenens,
465 3038 531 3099 ales
551 3059 635 3115 puer,
658 3039 809 3117 igniuage‚
831 3041 946 3115 impete
965 3040 1070 3113 velox,

253 3123 377 3191 Ludens
401 3141 468 3180 oum
491 3123 580 3184 Divis
602 3133 633 3183 et
654 3143 722 3182 oum
743 3119 915 3184 mortalibu’
936 3125 1038 3197 seclis,

219 3218 224 3227 “
253 3205 361 3280 Caute,
383 3208 512 3284 gemella
533 3229 618 3284 puer,
641 3210 692 3283 qui
713 3219 889 3269 cunctorum
908 3209 1045 3269 aedituus
1070 3231 1115 3286 ea,

253 3291 358 3352 Ooelei
366 3299 456 3367 atque
464 3291 550 3367 (lovi,
559 3303 589 3352 et
597 3303 706 3367 terrae,
714 3296 844 3355 etMaris
852 3295 1041 3372 omnigenae,
1048 3305 1077 3355 at
1089 3316 1163 3373 qaae

252 3375 430 3435 Nutrieatur
450 3378 537 3438 alans
560 3381 707 3456 spirantia
722 3381 912 3458 frugiparens
937 3379 1013 3456 Ops.

254 3459 399 3539 Quaeque
412 3466 586 3524 etAveruus
597 3484 670 3542 ager
681 3466 773 3543 genii,
782 3474 812 3524 et
823 3484 905 3523 mare
915 3468 1162 3527 marmoreflavo:

253 3544 335 3605 Nam
356 3555 530 3607 cunctorum
550 3551 658 3608 borum
680 3550 765 3610 solus
786 3549 947 3611 moderari'
965 3553 1117 3629 guberna3
