2586 4214
649 361 800 457 „3-36-

268 528 423 607 Sponsum
442 529 574 588 futurum
596 531 738 608 Angitiae
761 529 906 608 (lytaicae

200 618 250 673 175
267 615 409 674 Ardentis
428 614 591 692 hospitem.
612 606 701 691 quem
722 616 762 673 ab
785 616 916 676 Oenone
937 616 1078 691 exulans,

266 700 397 760 Vertens
414 702 446 757 in
469 701 621 758 bominum
644 701 781 759 membra
799 702 943 760 formicas
967 701 1088 777 breves,

266 785 460 863 Pelasgicum
483 785 636 862 Typhona
656 786 801 862 produxit
821 795 920 863 pater,

268 870 390 946 Septem
411 891 428 928 e
451 870 560 947 puellis
584 871 707 930 torridis
726 872 826 928 forma
845 872 904 930 lice

268 955 468 1033 Superstitem
488 975 579 1013 unum
603 956 784 1015 vindicatum
805 976 843 1015 ex
865 958 998 1034 ignibus.

201 1045 252 1100 180
268 1041 467 1119 Reciprocam
490 1040 543 1098 ille
564 1041 619 1099 scd
640 1041 811 1100 remanebit
826 1043 917 1117 viam,

269 1127 390 1202 Vespas
414 1127 477 1186 suis
500 1127 697 1201 epumicetis
720 1127 843 1186 arciens

269 1209 365 1284 Quasi
385 1231 462 1287 puer
482 1229 597 1286 vapore
621 1211 748 1270 suffiens
771 1211 909 1270 domum:

95 1351 96 1355 ,
200 1371 202 1374 y
269 1297 309 1356 Et
332 1297 443 1354 caeteri
465 1296 554 1353 Burri
578 1294 817 1355 Duellinominis

268 1381 389 1439 Flabris
409 1382 567 1438 iuvencam
587 1380 717 1439 stabulis
741 1382 869 1440 caedent
889 1400 997 1457 popae,

202 1472 252 1527 185
270 1466 398 1523 Matrem
421 1466 559 1523 draconis
581 1466 743 1523 incientem
763 1465 878 1542 Scyrii:

270 1550 370 1626 Quam
394 1570 487 1628 saepe
510 1551 618 1608 coniux
642 1549 865 1628 Salmydeaium
890 1551 988 1609 salum

268 1637 353 1693 Intra
375 1635 532 1711 requirens
554 1636 782 1694 immolatricem
803 1636 969 1713 hospitum,

270 1720 495 1799 Spumifragam
517 1722 648 1779 insulam
668 1721 821 1780 obsidebit
842 1719 1013 1780 Candidum

270 1805 349 1866 Celti
369 1806 519 1882 liquentes
544 1806 582 1863 ad
604 1806 732 1882 paludes
755 1798 894 1884 gurgitis,

203 1900 253 1955 100
270 1895 381 1952 Amore
403 1910 546 1967 sponsae,
571 1909 660 1949 cerva
681 1910 770 1966 quam
792 1891 961 1967 volucripes

269 1975 408 2053 Iugulum
431 1978 600 2053 propinans
624 1976 737 2033 eximet
760 1977 937 2052 secespitae.

272 2060 438 2136 spaciosus
458 2061 539 2117 intra
557 2059 641 2119 littus
665 2061 868 2138 appellabitur

272 2145 364 2205 Solus
384 2144 484 2203 mariti
506 2163 611 2203 cursus
629 2146 662 2203 in
683 2147 836 2221 crepidine

272 2230 392 2291 Sortem
415 2230 563 2307 gementis
587 2238 676 2305 atque
699 2231 830 2290 classem
850 2230 1012 2303 coelibem,

205 2323 255 2377 195
272 2317 313 2375 Et
334 2335 396 2374 non
419 2316 549 2373 videndo
572 2319 706 2375 membra
724 2325 869 2374 mutatam
889 2316 982 2373 modo

272 2401 402 2461 Cascam
424 2408 578 2459 cruentum
600 2421 654 2460 vas
674 2404 772 2478 probe
796 2411 827 2460 et
849 2401 1007 2473 libamina,
1048 2399 1185 2477 [propri]

273 2488 405 2561 Orcique
424 2487 605 2562 flam[m]am
628 2488 843 2545 exuberantem
865 2486 1002 2544 funditus

273 2572 429 2632 Cortinam
454 2572 595 2643 ahenam,
617 2591 705 2646 quam
730 2580 796 2630 atra
817 2572 912 2643 flabit,
936 2578 1057 2629 mortua

272 2656 430 2716 Cadavera
451 2657 572 2717 elixans
595 2657 755 2731 coquinatu
780 2657 929 2734 improbo.

204 2743 314 2801 000101
335 2742 388 2800 ille
410 2742 506 2800 obibit
528 2741 645 2801 eiulans
666 2760 803 2817 campum
827 2741 972 2818 Scythen,

271 2827 409 2886 Procans
432 2827 545 2885 amoris
568 2827 699 2900 quinque
722 2828 839 2886 circites
861 2836 979 2885 torum:

274 2912 324 2970 Illi
345 2920 415 2970 ante
436 2929 556 2969 acerras
580 2912 702 2988 auguris
726 2910 862 2973 Saturnii

273 2997 479 3075 Deglutientis
501 3015 568 3054 cum
591 3008 718 3073 parente
738 2998 821 3056 filios

275 3082 416 3143 Secunda
432 3083 559 3140 iurantis
577 3082 689 3139 fidusta
712 3083 861 3159 sagmina,

206 3174 257 3227 005
275 3167 445 3226 Tonsarum
467 3167 609 3224 amicient
629 3167 761 3243 remiges
784 3166 897 3242 strepis
920 3180 1039 3236 manus,

274 3253 486 3327 Bacchumque
511 3253 660 3328 sospitem
681 3260 711 3309 et
731 3252 842 3327 prioris
864 3249 1013 3307 vindicem

274 3339 389 3397 Luctus
410 3345 565 3409 canentes,
586 3337 633 3393 cui
651 3338 685 3394 in
706 3336 843 3395 obscuris
864 3333 948 3392 caris

275 3423 463 3498 Delphorum
488 3430 595 3499 operta
616 3421 655 3478 ad
674 3430 762 3479 antra
784 3420 908 3478 Lucrini
929 3418 978 3475 dei

275 3509 426 3566 Abstrusa
446 3508 509 3565 liba
530 3507 716 3564 Tauriformi
738 3506 847 3565 offeret

208 3596 260 3653 010
278 3592 396 3652 Classis
421 3592 596 3650 tremendae
615 3591 821 3667 millepraetor
841 3588 973 3648 navium.
