<?xml version="1.0" encoding="UTF-8"?>
<!DOCTYPE html PUBLIC "-//W3C//DTD XHTML 1.0 Transitional//EN"
    "http://www.w3.org/TR/xhtml1/DTD/xhtml1-transitional.dtd">
<html xmlns="http://www.w3.org/1999/xhtml" xml:lang="en" lang="en">
 <head>
  <title>
</title>
<meta http-equiv="Content-Type" content="text/html;charset=utf-8" />
  <meta name='ocr-system' content='tesseract 3.04.00' />
  <meta name='ocr-capabilities' content='ocr_page ocr_carea ocr_par ocr_line ocrx_word'/>
</head>
<body>
  <div class='ocr_page' id='page_1' title='image "./iosephiscaliger01scalgoog_0065.png"; bbox 0 0 2532 4216; ppageno 0'>
   <div class='ocr_carea' id='block_1_1' title="bbox 249 498 1133 1001">
    <p class='ocr_par' dir='ltr' id='par_1_1' title="bbox 249 498 1133 659">
     <span class='ocr_line' id='line_1_1' title="bbox 249 498 1028 576; baseline -0.004 -18"><span class='ocrx_word' id='word_1_1' title='bbox 249 499 430 559; x_wconf 71' lang='lat' dir='ltr'>Praeclarus</span> <span class='ocrx_word' id='word_1_2' title='bbox 453 508 524 557; x_wconf 89' lang='lat' dir='ltr'>sunt</span> <span class='ocrx_word' id='word_1_3' title='bbox 542 499 628 571; x_wconf 80' lang='lat' dir='ltr'>artis,</span> <span class='ocrx_word' id='word_1_4' title='bbox 655 500 708 571; x_wconf 82' lang='lat' dir='ltr'>ait,</span> <span class='ocrx_word' id='word_1_5' title='bbox 730 498 900 576; x_wconf 80' lang='lat' dir='ltr'>primordio·</span> <span class='ocrx_word' id='word_1_6' title='bbox 918 508 1028 557; x_wconf 81' lang='lat' dir='ltr'>vestre.</span> 
     </span>
     <span class='ocr_line' id='line_1_2' title="bbox 292 584 1133 659; baseline -0.001 -16"><span class='ocrx_word' id='word_1_7' title='bbox 292 584 372 645; x_wconf 86' lang='lat' dir='ltr'>Huic</span> <span class='ocrx_word' id='word_1_8' title='bbox 394 602 541 643; x_wconf 79' lang='lat' dir='ltr'>summam</span> <span class='ocrx_word' id='word_1_9' title='bbox 563 592 700 645; x_wconf 87' lang='lat' dir='ltr'>nostrum</span> <span class='ocrx_word' id='word_1_10' title='bbox 724 592 772 643; x_wconf 93' lang='lat' dir='ltr'>est</span> <span class='ocrx_word' id='word_1_11' title='bbox 793 584 979 659; x_wconf 71' lang='lat' dir='ltr'>imposuisse</span> <span class='ocrx_word' id='word_1_12' title='bbox 1002 600 1133 643; x_wconf 77' lang='lat' dir='ltr'>manum.</span> 
     </span>
    </p>

    <p class='ocr_par' dir='ltr' id='par_1_2' title="bbox 249 666 1033 830">
     <span class='ocr_line' id='line_1_3' title="bbox 249 666 1033 745; baseline -0.003 -17"><span class='ocrx_word' id='word_1_13' title='bbox 249 670 394 729; x_wconf 81' lang='lat' dir='ltr'>Protinus</span> <span class='ocrx_word' id='word_1_14' title='bbox 418 678 447 726; x_wconf 92' lang='lat' dir='ltr'>et</span> <span class='ocrx_word' id='word_1_15' title='bbox 469 666 586 745; x_wconf 80' lang='lat' dir='ltr'>Capitis</span> <span class='ocrx_word' id='word_1_16' title='bbox 608 672 733 728; x_wconf 89' lang='lat' dir='ltr'>morbos</span> <span class='ocrx_word' id='word_1_17' title='bbox 757 669 886 745; x_wconf 80' lang='lat' dir='ltr'>digessit</span> <span class='ocrx_word' id='word_1_18' title='bbox 905 669 937 725; x_wconf 90' lang='lat' dir='ltr'>in</span> <span class='ocrx_word' id='word_1_19' title='bbox 959 688 1033 740; x_wconf 86' lang='lat' dir='ltr'>uno,</span> 
     </span>
     <span class='ocr_line' id='line_1_4' title="bbox 292 753 1027 830; baseline -0.005 -16"><span class='ocrx_word' id='word_1_20' title='bbox 292 757 464 814; x_wconf 85' lang='lat' dir='ltr'>Morborum</span> <span class='ocrx_word' id='word_1_21' title='bbox 485 763 514 811; x_wconf 92' lang='lat' dir='ltr'>et</span> <span class='ocrx_word' id='word_1_22' title='bbox 529 768 650 826; x_wconf 69' lang='lat' dir='ltr'>eruens,</span> <span class='ocrx_word' id='word_1_23' title='bbox 670 762 810 829; x_wconf 82' lang='lat' dir='ltr'>oertnque</span> <span class='ocrx_word' id='word_1_24' title='bbox 831 754 919 830; x_wconf 81' lang='lat' dir='ltr'>signs</span> <span class='ocrx_word' id='word_1_25' title='bbox 936 753 1027 811; x_wconf 89' lang='lat' dir='ltr'>libro.</span> 
     </span>
    </p>

    <p class='ocr_par' dir='ltr' id='par_1_3' title="bbox 252 839 1081 1001">
     <span class='ocr_line' id='line_1_5' title="bbox 252 839 1014 916; baseline -0.003 -18"><span class='ocrx_word' id='word_1_26' title='bbox 252 840 321 916; x_wconf 81' lang='lat' dir='ltr'>Quo</span> <span class='ocrx_word' id='word_1_27' title='bbox 342 840 421 898; x_wconf 85' lang='lat' dir='ltr'>libro</span> <span class='ocrx_word' id='word_1_28' title='bbox 445 847 529 897; x_wconf 79' lang='lat' dir='ltr'>tanto</span> <span class='ocrx_word' id='word_1_29' title='bbox 551 840 647 901; x_wconf 88' lang='lat' dir='ltr'>libros</span> <span class='ocrx_word' id='word_1_30' title='bbox 669 839 875 916; x_wconf 80' lang='lat' dir='ltr'>supereminet</span> <span class='ocrx_word' id='word_1_31' title='bbox 896 854 1014 910; x_wconf 81' lang='lat' dir='ltr'>omnes,</span> 
     </span>
     <span class='ocr_line' id='line_1_6' title="bbox 294 925 1081 1001; baseline -0.005 -18"><span class='ocrx_word' id='word_1_32' title='bbox 294 925 417 1001; x_wconf 81' lang='lat' dir='ltr'>Quanto</span> <span class='ocrx_word' id='word_1_33' title='bbox 437 933 545 983; x_wconf 73' lang='lat' dir='ltr'>cuneta</span> <span class='ocrx_word' id='word_1_34' title='bbox 569 944 662 1000; x_wconf 87' lang='lat' dir='ltr'>super</span> <span class='ocrx_word' id='word_1_35' title='bbox 683 933 804 983; x_wconf 79' lang='lat' dir='ltr'>caetere</span> <span class='ocrx_word' id='word_1_36' title='bbox 826 926 962 982; x_wconf 84' lang='lat' dir='ltr'>membra</span> <span class='ocrx_word' id='word_1_37' title='bbox 981 932 1081 999; x_wconf 78' lang='lat' dir='ltr'>eaput.</span> 
     </span>
    </p>
   </div>
   <div class='ocr_carea' id='block_1_2' title="bbox 175 1093 1159 2694">
    <p class='ocr_par' dir='ltr' id='par_1_4' title="bbox 175 1093 1159 2694">
     <span class='ocr_line' id='line_1_7' title="bbox 292 1093 1130 1170; baseline -0.006 -16"><span class='ocrx_word' id='word_1_38' title='bbox 292 1095 343 1154; x_wconf 75' lang='lat'>31.</span> <span class='ocrx_word' id='word_1_39' title='bbox 383 1099 422 1153; x_wconf 85' lang='lat' dir='ltr'>In</span> <span class='ocrx_word' id='word_1_40' title='bbox 443 1096 632 1170; x_wconf 78' lang='lat' dir='ltr'>Hippocratis</span> <span class='ocrx_word' id='word_1_41' title='bbox 653 1094 843 1170; x_wconf 75' lang='lat' dir='ltr'>Propnostioa</span> <span class='ocrx_word' id='word_1_42' title='bbox 865 1094 930 1169; x_wconf 85' lang='lat' dir='ltr'>a[b]</span> <span class='ocrx_word' id='word_1_43' title='bbox 952 1097 979 1151; x_wconf 88' lang='lat' dir='ltr'>I.</span> <span class='ocrx_word' id='word_1_44' title='bbox 1001 1093 1130 1151; x_wconf 84' lang='lat' dir='ltr'>Henrnio</span> 
     </span>
     <span class='ocr_line' id='line_1_8' title="bbox 508 1178 903 1238; baseline 0 -2"><span class='ocrx_word' id='word_1_45' title='bbox 508 1178 723 1238; x_wconf 75' lang='lat' dir='ltr'>Commentariis</span> <span class='ocrx_word' id='word_1_46' title='bbox 746 1179 903 1237; x_wconf 79' lang='lat' dir='ltr'>illustrato.</span> 
     </span>
     <span class='ocr_line' id='line_1_9' title="bbox 251 1257 1065 1343; baseline -0.004 -21"><span class='ocrx_word' id='word_1_47' title='bbox 251 1257 375 1342; x_wconf 87' lang='grc' dir='ltr'>Ναότης</span> <span class='ocrx_word' id='word_1_48' title='bbox 396 1260 544 1343; x_wconf 77' lang='grc' dir='ltr'>ἠλιβάτου</span> <span class='ocrx_word' id='word_1_49' title='bbox 569 1266 696 1342; x_wconf 78' lang='grc' dir='ltr'>σκοπιῆς</span> <span class='ocrx_word' id='word_1_50' title='bbox 719 1259 779 1323; x_wconf 86' lang='grc' dir='ltr'>άπυ</span> <span class='ocrx_word' id='word_1_51' title='bbox 801 1262 875 1342; x_wconf 64' lang='grc' dir='ltr'>τῆλε</span> <span class='ocrx_word' id='word_1_52' title='bbox 899 1260 1065 1341; x_wconf 84' lang='grc' dir='ltr'>δεδορκὼς,</span> 
     </span>
     <span class='ocr_line' id='line_1_10' title="bbox 293 1342 1022 1428; baseline -0.001 -22"><span class='ocrx_word' id='word_1_53' title='bbox 293 1342 456 1426; x_wconf 84' lang='grc' dir='ltr'>Χειμῶνος</span> <span class='ocrx_word' id='word_1_54' title='bbox 476 1343 620 1427; x_wconf 82' lang='grc' dir='ltr'>προλέγει</span> <span class='ocrx_word' id='word_1_55' title='bbox 644 1343 774 1406; x_wconf 76' lang='grc' dir='ltr'>λαίλαπ’</span> <span class='ocrx_word' id='word_1_56' title='bbox 799 1343 1022 1428; x_wconf 80' lang='grc' dir='ltr'>ἐπερχομένου.</span> 
     </span>
     <span class='ocr_line' id='line_1_11' title="bbox 246 1426 1099 1530; baseline -0.006 -38"><span class='ocrx_word' id='word_1_57' title='bbox 246 1427 346 1530; x_wconf 60' lang='lat' dir='ltr'>‘iboni</span> <span class='ocrx_word' id='word_1_58' title='bbox 371 1429 402 1490; x_wconf 83' lang='grc' dir='ltr'>δ’</span> <span class='ocrx_word' id='word_1_59' title='bbox 426 1426 573 1510; x_wconf 72' lang='grc' dir='ltr'>ἑζόμενος</span> <span class='ocrx_word' id='word_1_60' title='bbox 593 1430 713 1490; x_wconf 89' lang='grc' dir='ltr'>πάντων</span> <span class='ocrx_word' id='word_1_61' title='bbox 736 1429 909 1511; x_wconf 73' lang='grc' dir='ltr'>ἐφύπερθεν</span> <span class='ocrx_word' id='word_1_62' title='bbox 932 1429 1043 1513; x_wconf 81' lang='grc' dir='ltr'>ἰητρῶν</span> <span class='ocrx_word' id='word_1_63' title='bbox 1097 1426 1099 1432; x_wconf 71' lang='grc'>’</span> 
     </span>
     <span class='ocr_line' id='line_1_12' title="bbox 300 1509 1027 1596; baseline -0.006 -20"><span class='ocrx_word' id='word_1_64' title='bbox 300 1511 363 1576; x_wconf 79' lang='grc' dir='ltr'>[ῶν</span> <span class='ocrx_word' id='word_1_65' title='bbox 387 1512 505 1575; x_wconf 79' lang='grc' dir='ltr'>νούσων</span> <span class='ocrx_word' id='word_1_66' title='bbox 529 1511 655 1596; x_wconf 80' lang='grc' dir='ltr'>ἐνέδρας</span> <span class='ocrx_word' id='word_1_67' title='bbox 678 1513 827 1596; x_wconf 72' lang='grc' dir='ltr'>φράζεται</span> <span class='ocrx_word' id='word_1_68' title='bbox 847 1509 1027 1594; x_wconf 84' lang='grc' dir='ltr'>Εόρνιάδης.</span> 
     </span>
     <span class='ocr_line' id='line_1_13' title="bbox 252 1595 1060 1681; baseline -0.006 -19"><span class='ocrx_word' id='word_1_69' title='bbox 252 1597 380 1681; x_wconf 80' lang='grc' dir='ltr'>Παιήων</span> <span class='ocrx_word' id='word_1_70' title='bbox 404 1598 458 1679; x_wconf 88' lang='grc' dir='ltr'>μὲν</span> <span class='ocrx_word' id='word_1_71' title='bbox 485 1595 584 1659; x_wconf 79' lang='grc' dir='ltr'>ἔδωκε</span> <span class='ocrx_word' id='word_1_72' title='bbox 604 1600 700 1665; x_wconf 87' lang='grc' dir='ltr'>κακάς</span> <span class='ocrx_word' id='word_1_73' title='bbox 720 1621 778 1659; x_wconf 87' lang='grc' dir='ltr'>τισι</span> <span class='ocrx_word' id='word_1_74' title='bbox 798 1602 894 1679; x_wconf 80' lang='grc' dir='ltr'>κῆρας</span> <span class='ocrx_word' id='word_1_75' title='bbox 914 1597 1060 1659; x_wconf 76' lang='grc' dir='ltr'>ἀλαλκεῖν</span> 
     </span>
     <span class='ocr_line' id='line_1_14' title="bbox 296 1680 913 1765; baseline -0.005 -19"><span class='ocrx_word' id='word_1_76' title='bbox 296 1680 450 1765; x_wconf 80' lang='grc' dir='ltr'>Εὑρνιάδη</span> <span class='ocrx_word' id='word_1_77' title='bbox 475 1682 563 1765; x_wconf 79' lang='grc' dir='ltr'>Ευνὴν</span> <span class='ocrx_word' id='word_1_78' title='bbox 589 1681 771 1765; x_wconf 82' lang='grc' dir='ltr'>ἁμφιέποισι</span> <span class='ocrx_word' id='word_1_79' title='bbox 792 1682 913 1765; x_wconf 80' lang='grc' dir='ltr'>τέχνην.</span> 
     </span>
     <span class='ocr_line' id='line_1_15' title="bbox 252 1764 1159 1849; baseline -0.009 -17"><span class='ocrx_word' id='word_1_80' title='bbox 252 1766 315 1836; x_wconf 83' lang='grc' dir='ltr'>Τὰς</span> <span class='ocrx_word' id='word_1_81' title='bbox 338 1768 372 1829; x_wconf 81' lang='grc' dir='ltr'>δὲ</span> <span class='ocrx_word' id='word_1_82' title='bbox 391 1767 502 1834; x_wconf 87' lang='grc' dir='ltr'>νόσους</span> <span class='ocrx_word' id='word_1_83' title='bbox 525 1769 671 1849; x_wconf 79' lang='grc' dir='ltr'>προϊδεῖν,</span> <span class='ocrx_word' id='word_1_84' title='bbox 692 1769 729 1845; x_wconf 86' lang='grc' dir='ltr'>τρὶ</span> <span class='ocrx_word' id='word_1_85' title='bbox 740 1789 772 1828; x_wconf 87' lang='grc' dir='ltr'>τε</span> <span class='ocrx_word' id='word_1_86' title='bbox 786 1768 918 1849; x_wconf 80' lang='grc' dir='ltr'>σήματα,</span> <span class='ocrx_word' id='word_1_87' title='bbox 935 1766 975 1848; x_wconf 81' lang='grc' dir='ltr'>μή</span> <span class='ocrx_word' id='word_1_88' title='bbox 988 1786 1069 1832; x_wconf 89' lang='grc' dir='ltr'>τινος</span> <span class='ocrx_word' id='word_1_89' title='bbox 1086 1764 1159 1826; x_wconf 82' lang='grc' dir='ltr'>ἐστὶν</span> 
     </span>
     <span class='ocr_line' id='line_1_16' title="bbox 296 1851 1002 1935; baseline -0.007 -20"><span class='ocrx_word' id='word_1_90' title='bbox 296 1852 381 1935; x_wconf 84' lang='grc' dir='ltr'>Πλὴν</span> <span class='ocrx_word' id='word_1_91' title='bbox 402 1856 456 1913; x_wconf 77' lang='lat' dir='ltr'>rori</span> <span class='ocrx_word' id='word_1_92' title='bbox 482 1853 662 1935; x_wconf 82' lang='grc' dir='ltr'>ἀκεσιορίης</span> <span class='ocrx_word' id='word_1_93' title='bbox 684 1851 801 1933; x_wconf 70' lang='grc' dir='ltr'>ἡμένου</span> <span class='ocrx_word' id='word_1_94' title='bbox 824 1852 855 1912; x_wconf 81' lang='grc' dir='ltr'>ἐν</span> <span class='ocrx_word' id='word_1_95' title='bbox 880 1854 1002 1932; x_wconf 70' lang='grc' dir='ltr'>σκοπιῇ.</span> 
     </span>
     <span class='ocr_line' id='line_1_17' title="bbox 601 1939 820 1997; baseline 0 -1"><span class='ocrx_word' id='word_1_96' title='bbox 601 1941 683 1997; x_wconf 84' lang='lat' dir='ltr'>Idem</span> <span class='ocrx_word' id='word_1_97' title='bbox 705 1939 820 1997; x_wconf 81' lang='lat' dir='ltr'>Latine.</span> 
     </span>
     <span class='ocr_line' id='line_1_18' title="bbox 175 2012 1101 2099; baseline -0.003 -16"><span class='ocrx_word' id='word_1_98' title='bbox 175 2043 178 2049; x_wconf 75' lang='grc'>’</span> <span class='ocrx_word' id='word_1_99' title='bbox 252 2012 357 2083; x_wconf 78' lang='lat' dir='ltr'>Nauis</span> <span class='ocrx_word' id='word_1_100' title='bbox 375 2024 480 2098; x_wconf 88' lang='lat' dir='ltr'>procul</span> <span class='ocrx_word' id='word_1_101' title='bbox 501 2023 603 2082; x_wconf 83' lang='lat' dir='ltr'>celsae</span> <span class='ocrx_word' id='word_1_102' title='bbox 628 2024 790 2099; x_wconf 81' lang='lat' dir='ltr'>speculans</span> <span class='ocrx_word' id='word_1_103' title='bbox 813 2023 849 2080; x_wconf 90' lang='lat' dir='ltr'>de</span> <span class='ocrx_word' id='word_1_104' title='bbox 871 2020 983 2081; x_wconf 83' lang='lat' dir='ltr'>vertice</span> <span class='ocrx_word' id='word_1_105' title='bbox 1002 2022 1101 2098; x_wconf 82' lang='lat' dir='ltr'>rupis,</span> 
     </span>
     <span class='ocr_line' id='line_1_19' title="bbox 294 2108 926 2188; baseline -0.006 -21"><span class='ocrx_word' id='word_1_106' title='bbox 294 2112 397 2167; x_wconf 91' lang='lat' dir='ltr'>Motus</span> <span class='ocrx_word' id='word_1_107' title='bbox 419 2108 570 2185; x_wconf 81' lang='lat' dir='ltr'>surgentis</span> <span class='ocrx_word' id='word_1_108' title='bbox 592 2108 721 2166; x_wconf 88' lang='lat' dir='ltr'>turbinis</span> <span class='ocrx_word' id='word_1_109' title='bbox 740 2109 811 2165; x_wconf 90' lang='lat' dir='ltr'>inde</span> <span class='ocrx_word' id='word_1_110' title='bbox 831 2116 926 2188; x_wconf 81' lang='lat' dir='ltr'>notat.</span> 
     </span>
     <span class='ocr_line' id='line_1_20' title="bbox 251 2192 1122 2270; baseline -0.003 -16"><span class='ocrx_word' id='word_1_111' title='bbox 251 2193 389 2255; x_wconf 76' lang='lat' dir='ltr'>Sublime</span> <span class='ocrx_word' id='word_1_112' title='bbox 415 2193 607 2252; x_wconf 85' lang='lat' dir='ltr'>Heurnisdes</span> <span class='ocrx_word' id='word_1_113' title='bbox 628 2193 765 2252; x_wconf 87' lang='lat' dir='ltr'>Medieos</span> <span class='ocrx_word' id='word_1_114' title='bbox 794 2192 984 2270; x_wconf 86' lang='lat' dir='ltr'>supereditus</span> <span class='ocrx_word' id='word_1_115' title='bbox 1005 2209 1122 2262; x_wconf 83' lang='lat' dir='ltr'>omnes,</span> 
     </span>
     <span class='ocr_line' id='line_1_21' title="bbox 295 2277 980 2365; baseline -0.004 -27"><span class='ocrx_word' id='word_1_116' title='bbox 295 2281 473 2338; x_wconf 90' lang='lat' dir='ltr'>Morborum</span> <span class='ocrx_word' id='word_1_117' title='bbox 494 2279 640 2339; x_wconf 84' lang='lat' dir='ltr'>adventus</span> <span class='ocrx_word' id='word_1_118' title='bbox 665 2279 851 2353; x_wconf 85' lang='lat' dir='ltr'>insidiasque</span> <span class='ocrx_word' id='word_1_119' title='bbox 871 2277 980 2365; x_wconf 59' lang='lat' dir='ltr'>vigiet..</span> 
     </span>
     <span class='ocr_line' id='line_1_22' title="bbox 252 2362 936 2434; baseline -0.009 -10"><span class='ocrx_word' id='word_1_120' title='bbox 252 2369 311 2424; x_wconf 83' lang='lat' dir='ltr'>Ast</span> <span class='ocrx_word' id='word_1_121' title='bbox 332 2364 401 2423; x_wconf 82' lang='lat' dir='ltr'>aliis</span> <span class='ocrx_word' id='word_1_122' title='bbox 423 2364 529 2421; x_wconf 82' lang='lat' dir='ltr'>Paean</span> <span class='ocrx_word' id='word_1_123' title='bbox 555 2364 709 2422; x_wconf 83' lang='lat' dir='ltr'>concessit</span> <span class='ocrx_word' id='word_1_124' title='bbox 728 2365 792 2422; x_wconf 83' lang='lat' dir='ltr'>fata</span> <span class='ocrx_word' id='word_1_125' title='bbox 813 2362 936 2434; x_wconf 82' lang='lat' dir='ltr'>morari,</span> 
     </span>
     <span class='ocr_line' id='line_1_23' title="bbox 296 2449 1017 2525; baseline -0.01 -17"><span class='ocrx_word' id='word_1_126' title='bbox 296 2449 491 2508; x_wconf 82' lang='lat' dir='ltr'>Heurnisdae</span> <span class='ocrx_word' id='word_1_127' title='bbox 514 2449 661 2507; x_wconf 81' lang='lat' dir='ltr'>medicum</span> <span class='ocrx_word' id='word_1_128' title='bbox 686 2469 760 2525; x_wconf 89' lang='lat' dir='ltr'>quos</span> <span class='ocrx_word' id='word_1_129' title='bbox 785 2449 912 2508; x_wconf 80' lang='lat' dir='ltr'>sociavit</span> <span class='ocrx_word' id='word_1_130' title='bbox 932 2463 1017 2520; x_wconf 83' lang='lat' dir='ltr'>opus.</span> 
     </span>
     <span class='ocr_line' id='line_1_24' title="bbox 254 2529 1055 2612; baseline -0.009 -19"><span class='ocrx_word' id='word_1_131' title='bbox 254 2537 430 2594; x_wconf 89' lang='lat' dir='ltr'>Morborum</span> <span class='ocrx_word' id='word_1_132' title='bbox 453 2535 505 2593; x_wconf 89' lang='lat' dir='ltr'>sed</span> <span class='ocrx_word' id='word_1_133' title='bbox 529 2535 617 2612; x_wconf 82' lang='lat' dir='ltr'>signa</span> <span class='ocrx_word' id='word_1_134' title='bbox 637 2543 739 2592; x_wconf 84' lang='lat' dir='ltr'>tamen</span> <span class='ocrx_word' id='word_1_135' title='bbox 755 2550 970 2611; x_wconf 83' lang='lat' dir='ltr'>praenoscere,</span> <span class='ocrx_word' id='word_1_136' title='bbox 994 2529 1055 2588; x_wconf 90' lang='lat' dir='ltr'>soli</span> 
     </span>
     <span class='ocr_line' id='line_1_25' title="bbox 294 2618 1062 2694; baseline -0.008 -17"><span class='ocrx_word' id='word_1_137' title='bbox 294 2620 331 2677; x_wconf 92' lang='lat' dir='ltr'>In</span> <span class='ocrx_word' id='word_1_138' title='bbox 355 2621 464 2677; x_wconf 78' lang='lat' dir='ltr'>medici</span> <span class='ocrx_word' id='word_1_139' title='bbox 487 2620 578 2678; x_wconf 89' lang='lat' dir='ltr'>studii</span> <span class='ocrx_word' id='word_1_140' title='bbox 600 2620 649 2694; x_wconf 93' lang='lat' dir='ltr'>qui</span> <span class='ocrx_word' id='word_1_141' title='bbox 670 2621 755 2678; x_wconf 86' lang='lat' dir='ltr'>sedet</span> <span class='ocrx_word' id='word_1_142' title='bbox 777 2638 857 2691; x_wconf 81' lang='lat' dir='ltr'>arce,</span> <span class='ocrx_word' id='word_1_143' title='bbox 881 2618 983 2675; x_wconf 80' lang='lat' dir='ltr'>datum</span> <span class='ocrx_word' id='word_1_144' title='bbox 1006 2624 1062 2672; x_wconf 87' lang='lat' dir='ltr'>est.</span> 
     </span>
    </p>
   </div>
   <div class='ocr_carea' id='block_1_3' title="bbox 252 2783 1162 3626">
    <p class='ocr_par' dir='ltr' id='par_1_5' title="bbox 254 2783 1162 2943">
     <span class='ocr_line' id='line_1_26' title="bbox 254 2783 1162 2865; baseline -0.01 -17"><span class='ocrx_word' id='word_1_145' title='bbox 254 2789 304 2848; x_wconf 82' lang='lat'>32.</span> <span class='ocrx_word' id='word_1_146' title='bbox 348 2792 386 2847; x_wconf 84' lang='lat' dir='ltr'>In</span> <span class='ocrx_word' id='word_1_147' title='bbox 408 2788 525 2865; x_wconf 75' lang='lat' dir='ltr'>Georpii</span> <span class='ocrx_word' id='word_1_148' title='bbox 544 2791 664 2848; x_wconf 82' lang='lat' dir='ltr'>Donsae</span> <span class='ocrx_word' id='word_1_149' title='bbox 687 2790 875 2846; x_wconf 73' lang='lat' dir='ltr'>itinerarium</span> <span class='ocrx_word' id='word_1_150' title='bbox 903 2783 1162 2859; x_wconf 78' lang='lat' dir='ltr'>Constnntinopoii-</span> 
     </span>
     <span class='ocr_line' id='line_1_27' title="bbox 657 2884 854 2943; baseline -0.01 -13"><span class='ocrx_word' id='word_1_151' title='bbox 657 2884 764 2930; x_wconf 73' lang='lat' dir='ltr'>tamum.</span> <span class='ocrx_word' id='word_1_152' title='bbox 852 2940 854 2943; x_wconf 21' lang='grc' dir='ltr'>Ι</span> 
     </span>
    </p>

    <p class='ocr_par' dir='ltr' id='par_1_6' title="bbox 254 2948 1113 3123">
     <span class='ocr_line' id='line_1_28' title="bbox 254 2948 1113 3039; baseline -0.007 -22"><span class='ocrx_word' id='word_1_153' title='bbox 254 2954 428 3038; x_wconf 78' lang='grc' dir='ltr'>Δουσιάδης</span> <span class='ocrx_word' id='word_1_154' title='bbox 453 2956 635 3039; x_wconf 80' lang='grc' dir='ltr'>φιλόπατρις</span> <span class='ocrx_word' id='word_1_155' title='bbox 656 2954 748 3034; x_wconf 78' lang='grc' dir='ltr'>ὅρους</span> <span class='ocrx_word' id='word_1_156' title='bbox 771 2953 840 3014; x_wconf 84' lang='grc' dir='ltr'>λίπε</span> <span class='ocrx_word' id='word_1_157' title='bbox 863 2951 1008 3034; x_wconf 88' lang='grc' dir='ltr'>πατρίδος</span> <span class='ocrx_word' id='word_1_158' title='bbox 1032 2948 1113 3033; x_wconf 80' lang='grc' dir='ltr'>αἴης,</span> 
     </span>
     <span class='ocr_line' id='line_1_29' title="bbox 294 3036 924 3123; baseline -0.008 -21"><span class='ocrx_word' id='word_1_159' title='bbox 294 3040 352 3123; x_wconf 77' lang='grc' dir='ltr'>ἠδὲ</span> <span class='ocrx_word' id='word_1_160' title='bbox 372 3039 574 3123; x_wconf 68' lang='grc' dir='ltr'>φιλόστοργος</span> <span class='ocrx_word' id='word_1_161' title='bbox 593 3038 664 3105; x_wconf 81' lang='grc' dir='ltr'>τοὺς</span> <span class='ocrx_word' id='word_1_162' title='bbox 688 3038 783 3121; x_wconf 72' lang='grc' dir='ltr'>ἰδίους</span> <span class='ocrx_word' id='word_1_163' title='bbox 804 3036 924 3112; x_wconf 80' lang='grc' dir='ltr'>τοκέας,</span> 
     </span>
    </p>

    <p class='ocr_par' dir='ltr' id='par_1_7' title="bbox 252 3119 1026 3291">
     <span class='ocr_line' id='line_1_30' title="bbox 252 3119 1026 3207; baseline -0.008 -21"><span class='ocrx_word' id='word_1_164' title='bbox 252 3122 334 3207; x_wconf 78' lang='grc' dir='ltr'>ἤθεα</span> <span class='ocrx_word' id='word_1_165' title='bbox 356 3126 540 3207; x_wconf 75' lang='grc' dir='ltr'>τηλεδαπῶν</span> <span class='ocrx_word' id='word_1_166' title='bbox 564 3124 776 3205; x_wconf 81' lang='grc' dir='ltr'>ἐπαλώμενος,</span> <span class='ocrx_word' id='word_1_167' title='bbox 800 3120 905 3205; x_wconf 82' lang='grc' dir='ltr'>α’ίριιιος</span> <span class='ocrx_word' id='word_1_168' title='bbox 924 3119 1026 3183; x_wconf 73' lang='grc' dir='ltr'>ἐλθεῖν</span> 
     </span>
     <span class='ocr_line' id='line_1_31' title="bbox 295 3204 951 3291; baseline -0.011 -20"><span class='ocrx_word' id='word_1_169' title='bbox 295 3210 347 3271; x_wconf 85' lang='grc' dir='ltr'>καὶ</span> <span class='ocrx_word' id='word_1_170' title='bbox 368 3214 427 3271; x_wconf 79' lang='grc' dir='ltr'>τῶν</span> <span class='ocrx_word' id='word_1_171' title='bbox 446 3205 596 3270; x_wconf 65' lang='grc' dir='ltr'>(Ριποιίων</span> <span class='ocrx_word' id='word_1_172' title='bbox 620 3206 708 3290; x_wconf 88' lang='grc' dir='ltr'>σ’ίχρις</span> <span class='ocrx_word' id='word_1_173' title='bbox 723 3204 951 3291; x_wconf 81' lang='grc' dir='ltr'>Ὑπερβορέων.</span> 
     </span>
    </p>

    <p class='ocr_par' dir='ltr' id='par_1_8' title="bbox 254 3287 1125 3462">
     <span class='ocr_line' id='line_1_32' title="bbox 254 3287 1125 3377; baseline -0.009 -21"><span class='ocrx_word' id='word_1_174' title='bbox 254 3292 392 3377; x_wconf 80' lang='grc' dir='ltr'>ἐμπόρῳ,</span> <span class='ocrx_word' id='word_1_175' title='bbox 416 3295 472 3377; x_wconf 75' lang='grc' dir='ltr'>ἠδὲ</span> <span class='ocrx_word' id='word_1_176' title='bbox 497 3298 586 3376; x_wconf 78' lang='grc' dir='ltr'>σοφῷ</span> <span class='ocrx_word' id='word_1_177' title='bbox 607 3293 706 3373; x_wconf 85' lang='grc' dir='ltr'>πλάνη</span> <span class='ocrx_word' id='word_1_178' title='bbox 731 3290 834 3353; x_wconf 80' lang='grc' dir='ltr'>εὔαδε.</span> <span class='ocrx_word' id='word_1_179' title='bbox 857 3292 908 3352; x_wconf 90' lang='grc' dir='ltr'>τὸν</span> <span class='ocrx_word' id='word_1_180' title='bbox 933 3288 987 3370; x_wconf 79' lang='grc' dir='ltr'>μὲν</span> <span class='ocrx_word' id='word_1_181' title='bbox 1011 3287 1125 3369; x_wconf 77' lang='grc' dir='ltr'>ἐπείγει</span> 
     </span>
     <span class='ocr_line' id='line_1_33' title="bbox 295 3375 918 3462; baseline -0.006 -23"><span class='ocrx_word' id='word_1_182' title='bbox 295 3380 314 3460; x_wconf 74' lang='grc' dir='ltr'>ἡ</span> <span class='ocrx_word' id='word_1_183' title='bbox 337 3378 578 3462; x_wconf 83' lang='grc' dir='ltr'>φιλοχρηματίη,</span> <span class='ocrx_word' id='word_1_184' title='bbox 604 3378 655 3437; x_wconf 84' lang='grc' dir='ltr'>τὸν</span> <span class='ocrx_word' id='word_1_185' title='bbox 679 3377 713 3437; x_wconf 83' lang='grc' dir='ltr'>δὲ</span> <span class='ocrx_word' id='word_1_186' title='bbox 736 3375 918 3459; x_wconf 86' lang='grc' dir='ltr'>φιλιστορίη.</span> 
     </span>
    </p>

    <p class='ocr_par' dir='ltr' id='par_1_9' title="bbox 254 3455 1089 3626">
     <span class='ocr_line' id='line_1_34' title="bbox 254 3455 1089 3545; baseline -0.008 -21"><span class='ocrx_word' id='word_1_187' title='bbox 254 3462 370 3545; x_wconf 84' lang='grc' dir='ltr'>ἀμφοῖν</span> <span class='ocrx_word' id='word_1_188' title='bbox 393 3462 450 3545; x_wconf 75' lang='grc' dir='ltr'>γὰρ</span> <span class='ocrx_word' id='word_1_189' title='bbox 475 3465 628 3543; x_wconf 77' lang='grc' dir='ltr'>μεμαῶτα</span> <span class='ocrx_word' id='word_1_190' title='bbox 651 3462 793 3545; x_wconf 86' lang='grc' dir='ltr'>διάνδιχα</span> <span class='ocrx_word' id='word_1_191' title='bbox 816 3459 938 3542; x_wconf 77' lang='grc' dir='ltr'>φροντὶς</span> <span class='ocrx_word' id='word_1_192' title='bbox 959 3455 1089 3539; x_wconf 77' lang='grc' dir='ltr'>όριυρεν,</span> 
     </span>
     <span class='ocr_line' id='line_1_35' title="bbox 297 3543 992 3626; baseline -0.007 -18"><span class='ocrx_word' id='word_1_193' title='bbox 297 3546 367 3611; x_wconf 78' lang='grc' dir='ltr'>οὐδ’</span> <span class='ocrx_word' id='word_1_194' title='bbox 389 3547 492 3609; x_wconf 81' lang='grc' dir='ltr'>αὐτοῖν</span> <span class='ocrx_word' id='word_1_195' title='bbox 515 3545 587 3612; x_wconf 85' lang='grc' dir='ltr'>νόος</span> <span class='ocrx_word' id='word_1_196' title='bbox 608 3546 662 3619; x_wconf 80' lang='grc' dir='ltr'>εἷς,</span> <span class='ocrx_word' id='word_1_197' title='bbox 682 3551 724 3614; x_wconf 81' lang='grc' dir='ltr'>ὡς</span> <span class='ocrx_word' id='word_1_198' title='bbox 746 3543 819 3611; x_wconf 83' lang='grc' dir='ltr'>ὁδός</span> <span class='ocrx_word' id='word_1_199' title='bbox 841 3543 904 3606; x_wconf 81' lang='grc' dir='ltr'>ἐστι</span> <span class='ocrx_word' id='word_1_200' title='bbox 929 3545 992 3626; x_wconf 83' lang='grc' dir='ltr'>μία.</span> 
     </span>
    </p>
   </div>
   <div class='ocr_carea' id='block_1_4' title="bbox 0 0 1275 4216">
    <p class='ocr_par' dir='ltr' id='par_1_10' title="bbox 0 0 1275 4216">
     <span class='ocr_line' id='line_1_36' title="bbox 0 0 1275 4216; baseline 0 0"><span class='ocrx_word' id='word_1_201' title='bbox 0 0 1275 4216; x_wconf 95' lang='lat' dir='ltr'> </span> 
     </span>
    </p>
   </div>
  </div>
 </body>
</html>
