2502 4218
627 332 778 433 -Q

254 583 280 650 Ε
303 586 358 654 θὲς
379 586 430 649 καὶ
451 588 569 669 πρώην.
593 583 667 669 Πρίν
690 607 741 647 κεν
764 584 857 653 λύκος
878 583 924 648 οἶν
947 584 1098 668 ὑμεναιοῖ.

247 609 328 739 Ζέθς
350 670 471 752 ἄγονος.
495 668 655 734 Πεινῶσαν
677 668 820 733 ἀλώπεκ’
844 667 1011 754 ἐπέρχεται
1035 668 1138 738 ύπνος.

247 755 358 839 Ζητεῖν
378 754 477 840 ίχνεσι
500 759 602 817 πᾶσιν.
620 751 754 838 Ὀρέστη
771 756 902 839 χλαῖναν
927 754 1076 838 ὑφαίνειν.

247 839 321 923 Ζωὴ
344 839 537 922 ἀκανθώδης.
554 835 648 907 Ὀνος
666 840 710 907 εἰς
733 839 752 901 ά
776 842 897 921 υρῶνας
918 836 1049 921 ἀπέδρα.

246 923 321 1006 Ζωὴ
342 925 393 988 καὶ
414 924 510 1009 ψυχή.
531 921 664 1008 Δέχεται
683 923 735 987 καὶ
753 861 857 1007 βῶλον
880 921 1006 1005 ἀλήτης.

246 1007 316 1073 Ζῶν
337 1009 399 1072 ἀπὸ
424 1031 467 1091 μα
487 1008 603 1091 δαλίης.
628 1004 671 1071 Τὸ
694 1006 729 1070 δέ
751 1028 799 1068 τοι
818 1005 909 1075 κλέος
931 1004 1123 1090 ἐσσομένυιο.

247 1091 446 1179 Ζωροπύτης.
462 1031 581 1175 ιθᾶρμής
602 1091 749 1175 ἀμύητος.
767 1087 863 1159 Ἐθος
885 1089 975 1173 φύσις
996 1088 1087 1173 άλλη.

238 1175 283 1241 Ἢ
304 1177 385 1254 ύνος,
406 1178 426 1260 ή
448 1176 601 1260 βασιλεύς.
620 1176 797 1244 Ἀποτίσεις
816 1179 906 1260 χοῖρε
926 1174 1064 1256 γίγαρτα.

239 1259 282 1325 Ἡ
303 1261 401 1346 πέτρα
423 1259 602 1341 ἀγέλαστος.
622 1257 704 1342 Ἐγώ
728 1259 912 1347 βαλανεύσω
935 1258 1072 1344 ἐμαυτῷ.

237 1342 283 1408 Ἢ
304 1345 369 1421 τὰν,
391 1345 411 1427 ή
431 1343 481 1406 ἐπὶ
502 1347 565 1412 τᾶς.
589 1340 627 1407 Οἱ
649 1344 777 1408 κλέπται
799 1342 924 1426 ἄγουσιν
951 1343 1071 1426 έορτήν.

236 1424 340 1493 Ἦλθε
359 1428 442 1492 κύων
465 1427 515 1490 ἐπὶ
538 1429 647 1510 δεσμά.
668 1427 864 1511 Δικαιύτερος
886 1428 1040 1513 σταχάνης
1062 1426 1100 1489 εί.

239 1510 356 1598 Ἤρατο
381 1513 465 1576 ὀπτῶ
486 1512 621 1594 άλεύρω.
638 1512 747 1576 Ἀλευ’
773 1514 834 1575 ἀπὸ
859 1513 999 1595 μείζονος
1020 1510 1138 1596 ἀνδρός.

239 1594 417 1660 Ἡσιόδειον
439 1602 545 1681 γήρας.
562 1593 665 1659 Ἐκιδν
688 1596 812 1660 ἀέκοντί
830 1620 865 1679 γε
885 1596 988 1681 θυμῷ.

239 1680 440 1769 Ἧφαίστειος
462 1681 584 1765 δεσμός.
607 1678 693 1766 Ἔρις
714 1681 742 1745 δ’
765 1680 827 1766 ἔριν
850 1680 1053 1766 αἰντιφυτεύει.

242 1764 349 1851 Ἠχεῖς
370 1771 480 1852 νεκρού
502 1765 534 1835 ές
555 1768 630 1830 ώτα.
658 1765 762 1851 Θύρας
784 1764 931 1830 έπιθέσθε
956 1763 1095 1849 βέβηλοι.

246 1850 457 1935 Θαλλύφοροι.
482 1848 571 1913 Μετὰ
617 1855 699 1934 ωνής
718 1850 823 1936 εὔχεο.
844 1848 946 1934 Χαῖρε
965 1849 1055 1933 φιλον
1082 1850 1154 1934 φῶς.

246 1935 383 2018 Θάψινος
402 1933 577 2016 ἅνθρωπος.
629 1936 750 2019 αροίδρα
770 1933 974 2018 κατελήλυθα
995 1932 1118 1997 Σελλοί.

246 2018 420 2103 Θερσίτειον
441 2018 573 2164 βλέμμα.
592 2017 694 2081 Λύκου
719 2020 819 2088 δεκάς.
834 2017 1067 2101 Ἧμερύκοιτος.

246 2102 428 2168 Θετταλικαὶ
444 2125 485 2164 πτ
523 2123 601 2184 υγες.
626 2098 686 2166 Τὸν
708 2104 850 2188 καρκίνον
878 2102 959 2186 ὀρθὰ
980 2103 1126 2186 βαδίζειν.

246 2186 429 2251 Θετταλικὸν
449 2186 589 2270 πήδημα.
616 2183 655 2248 Τί
671 2188 802 2271 δάκρυον
824 2187 915 2250 εύδον
938 2185 1080 2271 ἐγείρεις;

246 2270 338 2352 Θῶμα
362 2270 557 2353 Φασηλιτῶν.
580 2267 656 2334 Οὐδ’
679 2270 715 2334 ἂν
738 2273 857 2357 πείσης,
881 2272 938 2354 ἐμὲ
959 2272 1085 2340 πείσεις.

245 2354 495 2439 Θυμβροφαγείν.
519 2355 579 2418 Διὰ
600 2360 654 2437 τῆς
672 2358 815 2439 κηπαίας.
838 2355 892 2426 Εἰς
912 2354 985 2436 γόνυ
1007 2357 1141 2441 βάλλειν.

239 2438 340 2504 Ἴκκου
364 2441 495 2503 δεῖπνον.
521 2437 715 2524 Ἀμαλθείης
734 2443 827 2525 ἀγρὸς
847 2441 941 2526 κε’ρας
960 2440 1051 2502 ἐστίν.

234 2521 319 2587 Ἰοαι
342 2527 442 2610 ψῆφοι
464 2522 543 2587 ἔασι.
566 2523 761 2609 Προμηθεὺς.
785 2525 1016 2608 Δημοπίθηκος.

244 2605 404 2690 Κάδμειος
423 2609 501 2692 νίκη.
524 2608 649 2691 Σαμίων
676 2609 766 2694 ἄνθη.
787 2608 897 2693 Χαμαὶ
920 2610 1049 2677 ἀντλεῖς.

244 2689 308 2755 Καὶ
328 2690 399 2759 τοὺς
420 2692 606 2776 ἀνθρώπους
630 2696 752 2778 συνάγει
774 2695 864 2757 κακά.
883 2690 1124 2777 Κλειτοριάζειν.

243 2773 396 2839 Κάλλιστ’
420 2776 506 2839 ένδοῖ
524 2781 631 2840 πᾶσαι.
647 2778 831 2848 Ἀλώπεκος
853 2778 950 2863 ἴχνεσι
971 2779 1095 2864 βαίνεις.

242 2857 454 2945 Καλλιφάνης.
475 2861 697 2945 Λευκηπατίης.
715 2860 965 2931 Ῥυποκύνδυλος
986 2864 1075 2947 ἀνήρ.

243 2941 572 3028 ΚάνθαροςΑἰτναῖυς.
597 2947 732 3031 ψεκὰς,ή
747 2947 866 3031 δρύσος.
888 2944 1152 3032 ΕίςΚυνυσαργές.
1234 2970 1235 2985 ’

243 3025 382 3113 Καρπυῖς
404 3026 440 3093 ού
461 3032 626 3094 σταδίοισιν
647 3031 798 3114 ἐρίζομεν.
814 3030 911 3100 Ἱστὸς
931 3031 1079 3117 ἀράχνης.

242 3106 301 3176 Kc}
321 3113 415 3178 λύκου
439 3114 603 3198 ἐμνήσθης.
622 3112 746 3199 Ἀφύης
766 3118 837 3200 τιμή
860 3118 894 3180 τὸ
909 3114 1023 3178 ἔλαιον.

242 3193 351 3260 Κέντει
371 3202 422 3263 τὸν
443 3201 548 3261 πῶλον
571 3200 641 3282 περὶ
663 3199 716 3282 τὴν
739 3202 863 3264 νύσσαν.
888 3199 911 3264 Γ
914 3199 967 3262 ύνυ
988 3202 1119 3286 κάμψαι.

242 3274 424 3367 Κερκώπων
444 3284 551 3366 ἀγορά.
575 3281 598 3346 Γ
601 3287 688 3369 υμνιηῖ
710 3286 851 3369 φυλακήν
874 3284 1048 3354 ἐπιτάττεις.

242 3361 397 3450 Κεστρεθς
418 3367 583 3448 νηστεύων.
597 3361 662 3430 Ἵνα
680 3368 738 3453 γὰρ
762 3370 843 3446 δέος,
867 3368 944 3432 ἔνθα
958 3370 1010 3432 καὶ
1030 3371 1134 3441 αἰδώς.

242 3445 355 3534 Κηρῶν
380 3449 570 3534 λεπτότερος.
592 3448 658 3513 Ζω“
691 3453 722 3514 ἐν
744 3458 818 3516 πᾶσι
842 3456 985 3537 λαγώοις.

242 3529 471 3617 Κλαυσίγελως.
487 3533 646 3598 Σαλάιιων.
686 3538 784 3621 αμίων
792 3538 903 3624 λαύρα.
916 3536 1023 3621 Μερὶς,
1030 3538 1066 3603 ού
1076 3539 1148 3611 πνίί.

243 499 385 615 βύτυχία
407 500 589 585 πολύφιλος.
608 496 661 571 Ἐς
684 500 815 584 ούρανδν
838 498 931 585 ύμμιν
953 499 1098 584 άλεῶμαι.
1155 554 1160 557 .

1229 3450 1231 3587 λ
