2586 4214
502 344 652 439 Q

116 510 258 571 Haerens
282 512 434 588 humoque
455 512 535 572 fixus
557 517 641 575 ensis
665 516 787 593 arguit.-

429 598 458 655 3.
481 597 612 674 Stroptu
634 601 725 660 VIII.

118 677 174 738 Ch.
219 679 290 738 Heu
313 680 457 741 miserum
480 702 594 744 casum.

119 762 395 825 Tene'cruentasti

118 850 294 909 Amicorum
317 851 446 910 carens?

118 935 223 1012 Egone
244 955 282 994 eo
301 955 398 1011 usque
419 937 531 1014 stipes:
554 959 609 1018 ego

118 1020 166 1079 Ita
184 1019 343 1098 negligens
361 1021 407 1079 fui
429 1022 539 1083 huius?

119 1103 192 1177 Hic,
217 1105 266 1162 hic

120 1188 278 1263 Pervicus,
299 1198 388 1265 atque
410 1192 459 1250 sui

120 1275 205 1332 Iacet
227 1275 337 1334 ominis
359 1276 448 1334 Aiax.

120 1358 193 1417 Tec.
234 1358 333 1418 Nefas
353 1360 466 1419 videre.
491 1381 596 1420 verum
621 1381 678 1439 ego
700 1362 789 1420 huius
808 1361 895 1438 pallii
1050 1360 1103 1414 915

120 1444 230 1502 Totum
251 1443 425 1504 obvolutum
445 1465 553 1524 corpus
575 1449 704 1506 amiectu
725 1442 891 1525 obtegam(
976 1466 978 1471 ⁴

119 1528 261 1605 Namque
279 1529 377 1603 illum,
397 1532 512 1591 amicus
535 1532 564 1591 si
585 1534 653 1607 quis
675 1540 732 1605 est,
757 1532 970 1591 contraobtui

118 1614 194 1673 Non
219 1624 311 1687 queat
331 1615 449 1676 anhelis
469 1616 656 1675 follicantern
678 1617 814 1689 naribus,

119 1700 160 1758 Et
183 1718 222 1756 ex
244 1712 369 1759 cruento
391 1702 515 1759 vulnere
539 1710 637 1761 atrurn
660 1701 849 1778 sanguinem.

119 1784 191 1843 Heu
213 1784 337 1858 misere,
357 1785 428 1862 quid
446 1787 557 1864 egam?
580 1787 648 1862 quis
670 1795 701 1844 te
723 1786 888 1845 amicorum
907 1784 1034 1844 efferet?
1051 1783 1104 1840 920

119 1868 182 1929 Ubi
202 1868 339 1928 Teucer?
361 1871 493 1944 adesset,
514 1872 661 1947 siquidem
683 1872 816 1944 adesset,
834 1870 975 1948 tempori,

121 1952 176 2014 Sui
199 1955 329 2012 cadaver
349 1956 452 2016 fratris
475 1965 508 2014 ut
530 1965 737 2034 componeret.

121 2039 231 2115 Qualis
258 2040 303 2098 vir
325 2041 417 2113 Aiax,
442 2042 572 2117 qualiter
592 2043 685 2102 miser
700 2043 793 2115 iaces,

120 2124 327 2184 Miseraudum
347 2134 380 2184 'et
400 2125 478 2203 ipsis
500 2128 636 2188 hostibus
660 2126 882 2204 spectaculum!

335 2247 344 2266 .
402 2215 427 2269 1.
450 2212 644 2290 Antt'strophu
665 2215 763 2272 XIII.

120 2293 176 2354 Ch.
221 2293 344 2352 Labore
364 2315 436 2374 crgo
459 2298 596 2374 improbo

120 2379 283 2451 Voiueras,
307 2380 454 2449 miseriis·

122 2483 195 2539 ·que
218 2464 348 2541 fungier,
372 2465 543 2540 etquidem

119 2549 256 2607 Functus
280 2567 325 2607 es.
351 2551 543 2625 usqueadeo

120 2634 197 2692 Mihi
220 2633 294 2691 talia

120 2718 249 2779 Perdius
270 2719 333 2776 acri
352 2720 455 2777 animo

121 2802 281 2863 Gemendo
303 2804 390 2881 signa
411 2805 473 2862 iam
495 2805 589 2863 dabas

122 2887 282 2961 Hostifica,
307 2897 337 2946 et
359 2908 478 2964 pernox

121 2974 204 3051 Erga
225 2974 350 3033 Atridas
375 2974 477 3035 duces.

122 3059 169 3117 Ea
189 3059 258 3131 fuit,
280 3077 316 3117 ea
337 3058 415 3119 labis

122 3142 270 3221 Princeps
290 3143 372 3202 dies:
394 3161 471 3218 quac
491 3141 574 3200 dedit

122 3228 271 3287 Iudicium
293 3247 362 3286 acre
383 3228 443 3287 vir·

123 3314 210 3373 ·tutis
232 3321 263 3372 et
285 3332 358 3391 ergo
381 3311 510 3372 Achillis
535 3330 620 3369 arma
643 3311 774 3370 tradidit.

123 3397 196 3456 Tec.
225 3398 325 3456 Eheu!

123 3481 179 3542 Ch.
225 3482 385 3544 Generosa
406 3503 478 3542 cura
498 3482 601 3560 penita
622 3482 731 3543 transit
751 3481 879 3540 viscera.
1034 3480 1086 3536 938

123 3566 196 3626 Tec.
219 3568 320 3627 Eheu!
