2502 4218
643 286 796 381 -ιοε-

262 452 340 519 Βίου
362 450 537 515 παλαισταί.
557 450 658 521 Λυδὸς
680 452 712 531 ἐν
736 449 920 536 μεσημβρίᾳ.

262 535 334 620 Βομ
355 536 442 604 υλίας
465 533 637 619 ἄνθρωπος.
660 535 786 620 Ἀργεία
807 535 899 619 φορά.

261 619 328 705 Βορ
351 619 538 706 οροτάραίις.
556 617 663 707 'EQ'
686 621 712 684 ὦ
735 620 801 705 φιλ’
825 620 904 703 ἥλιε.

262 703 419 770 Βόσκουσι
441 705 579 789 φυγάδας
601 705 731 775 ἐλπίδες.
754 702 853 791 Νιόβη
876 704 972 787 πάθη.

261 787 384 858 Βουνᾶς
409 789 532 861 δικάζει.
556 787 609 872 Μὴ
632 789 743 872 λόγους
765 788 833 853 ἄντ’
855 787 1004 872 ἀλφίτων.

199 936 203 943 ,
261 872 347 943 Βούς
368 874 510 959 έβδομος.
535 873 631 937 Λάλει
652 875 697 951 δὲ,
718 876 769 939 καὶ
791 875 832 958 μὴ
855 872 989 955 θίγγανε.

261 954 349 1027 Βούς
371 960 415 1028 είς
436 957 562 1042 ἄμητον.
588 958 744 1044 Ψηλαφᾷν
767 959 799 1022 ἐν
824 961 868 1042 τῷ
891 956 1000 1043 σκότῳ.

261 1040 347 1125 Γαλῆ
367 1042 533 1127 κροκῳτόν.
549 1043 705 1128 Ἀφθυνοι
725 1042 862 1109 Μουσῶν
886 1040 988 1126 θύραι.
1097 1084 1100 1093 -

261 1124 404 1196 Γάλλους
425 1128 455 1190 τί
472 1127 610 1210 τέμνεις;
632 1125 800 1213 Κανθάρου
824 1128 1011 1210 σοφώτερος.

262 1209 376 1275 Γείτιυν
399 1209 563 1281 Μυκόνιος.
585 1210 639 1296 Μὴ
661 1214 738 1297 πρδς
759 1213 815 1298 ἐμὲ
835 1211 873 1275 τὰ
897 1212 1030 1276 ποικίλα.

261 1292 285 1358 Γ
289 1295 369 1363 έλονς
390 1290 573 1379 Μεγαρικός.
602 1293 648 1361 Ού
670 1296 741 1362 ποτ>
763 1295 847 1383 ’ίσχεν
868 1297 887 1378 ἡ
910 1295 1001 1381 θύρα.

260 1376 284 1442 Γ
288 1378 392 1463 έραιρε
418 1380 539 1445 σαυτόν.
567 1378 677 1465 Τυρίου
701 1381 918 1467 Ξενοκράτους.

261 1460 285 1526 Γ
287 1462 422 1547 ερόντιον
444 1469 596 1528 στυπεῖον.
621 1461 787 1535 Οἰδίποδος
807 1468 878 1551 ἀρά.

260 1545 382 1611 Γλαῦκ’
408 1550 452 1618 είς
474 1549 617 1634 Ἀθήνας.
631 1547 683 1620 Ἐξ
706 1552 775 1620 ένδς
794 1551 831 1613 τὰ
851 1548 946 1615 πάνθ’
969 1552 1051 1634 δρᾷς.

261 1629 362 1697 Γλυκύ
388 1633 459 1717 μέλι
477 1635 529 1698 καὶ
547 1635 623 1705 πνίί.
644 1634 727 1699 Ἀντί
745 1636 785 1699 πέ
805 1658 860 1719 κης
880 1635 1033 1717 σκορπίον.

260 1714 411 1802 Γραμμὴν
435 1718 488 1785 ἐπ’
514 1719 609 1804 ἄκραν
633 1721 759 1803 ίκογιεν.
783 1658 890 1790 Καλός
910 1718 1022 1787 πίθων.

261 1799 455 1887 Γυμνύτερος
478 1804 603 1888 ὑπέρου.
657 1809 710 1874 οῦς
732 1806 763 1869 ἐν
788 1804 887 1890 αὐλίῳ
909 1803 1003 1888 κάθη.

260 1883 410 1955 Γυναικός
430 1888 570 1972 ὄλεθρος.
593 1888 786 1973 Γυμνότερος
805 1888 959 1973 Ἰαλέμου.

261 1969 427 2055 Δεινότερα
445 1973 559 2057 πάσχει
583 1972 752 2057 Σαμβίκου.
774 1973 900 2058 Πλήρης
921 1973 1021 2042 πίθος.

261 2054 367 2118 Δεῖται
391 2056 529 2121 σελίνων.
546 2055 668 2140 ’Μικρὸν
691 2058 806 2207 όβόλου
829 2060 936 2142 τίμιον.
1079 2098 1083 2105 ·

260 2140 413 2223 Δελφῖνος
435 2140 466 2203 ἐν
489 2140 594 2225 χέρσῳ
617 2142 678 2226 βία.
728 2144 938 2227 φενδάμνινος.

261 2224 350 2308 Δερῶ
376 2224 410 2286 σὲ
433 2224 569 2289 θύλακον
592 2229 718 2308 κλοπῆς.
745 2224 800 2297 Εἰς
823 2228 938 2314 ὀλβίαν.

261 2306 314 2377 Δὶς
335 2311 445 2378 παῖδες
467 2312 496 2373 οἱ
517 2310 667 2395 γέροντες.
686 2312 780 2396 Ὑπὲρ
802 2311 874 2376 ὄνου
898 2314 993 2379 σκιᾶς.

260 2394 285 2456 Δ
307 2398 409 2479 αχμῆς
431 2396 563 2479 χάλαζα.
585 2393 752 2480 Κανθάρου
778 2399 973 2481 μελάντερος.

253 2415 392 2560 'Equum
416 2479 453 2562 δὴ
475 2480 535 2563 θῆρ
557 2481 650 2564 θῆρα.
674 2481 787 2545 Πεττδν
811 2481 970 2545 άνατίθου.

258 2559 313 2631 Εἰς
336 2562 441 2648 αὔριον
464 2566 629 2628 σπουδαῖα.
652 2562 855 2635 Βαθυκλέους
875 2564 969 2635 κύλιξ.

258 2643 313 2714 Εἰς
332 2644 386 2716 ούς
405 2646 513 2730 λέγειν.
542 2647 687 2734 Ζήνωνος
707 2651 952 2736 ἐγκρατέστερος.

258 2727 313 2799 El<
333 2731 386 2815 τὴν
411 2733 540 2816 σελήνην
565 2733 762 2814 Ἀκεσιλάου.
783 2735 845 2805 ΛὰΕ
864 2739 981 2802 πατεῖν.

257 2811 313 2878 Ἐκ
333 2814 486 2900 γεύματος
506 2819 609 2901 γνοίης
631 2818 677 2882 ἄν.
697 2818 876 2904 Ἀθόρωτον
900 2818 1009 2903 στόμα

257 2896 313 2963 Ἐκ
334 2904 388 2983 τῆς
409 2900 564 2986 φαρέτρης
585 2902 697 2988 ἡμέρα.
717 2901 764 2967 Τὰ
784 2903 958 2970 Καννοίκου.

255 2981 311 3047 Ἐκ
334 2988 394 3048 τῶν
416 2983 470 3049 όνύ
496 3009 538 3050 υιν
559 2987 679 3051 λέοντα.
700 2985 871 3073 Κουρήτων
895 2988 1005 3070 στόμα.
1057 3060 1060 3065 ,

256 3064 446 3153 Ἐλέφαντος
466 3009 557 3135 ύθδὲν
581 3072 748 3156 διαφέρεις.
773 3072 903 3139 Δούλιυν
926 3072 1024 3141 πόλις.

248 3147 374 3216 Ἕλκειν
400 3154 584 3240 σκαπέρδαν.
606 3154 660 3221 Ἐκ
685 3157 788 3306 τριχὸς
809 3158 1001 3242 κρεμάμεθα.

254 3233 310 3300 Ἐν
334 3235 415 3323 Καρὶ
438 3241 489 3303 τδν
512 3241 660 3304 κίνδυνον.
681 3241 687 3265 ’
721 3242 833 3325 ρνιθοιν
857 3245 948 3326 γάλα.

253 3318 307 3384 Ἐν
329 3323 402 3408 πυρὶ
419 3322 562 3406 βέβηκας.
584 3323 818 3409 Μορμολύττειν
842 3327 950 3412 ἀσκίῳ.

256 3401 344 3469 Ἔνθ’
368 3408 397 3469 οἱ
418 3407 513 3476 πόδες
534 3408 680 3492 φέρωσιν.
702 3408 756 3479 El<
774 3410 858 3496 ύδοιρ
880 3414 1019 3498 γράφειν.

250 3485 334 3559 Ἔίοι
358 3490 468 3575 βέλους
490 3494 621 3576 κάθησο.
643 3490 802 3561 Ταντάλου
824 3495 919 3564 λίθος.
