2532 4216
472 355 622 448 „qu-

95 522 161 595 Illa,
183 523 267 600 vagis
290 523 374 583 cuius
396 523 592 601 populatibus
614 523 698 581 invia
719 524 812 596 nulla,

95 610 194 682 Atque
216 608 316 666 omnis
335 608 434 667 fuerat
453 610 545 669 tellus
566 617 707 689 angusta,
728 610 880 669 latronum
898 624 907 643 ²
965 632 969 643 ¹

95 691 260 765 colluvies,
277 693 437 768 farumque
455 714 535 759 novo
558 694 682 752 ductore
703 695 868 771 maniplus,

94 777 191 837 Unius
209 778 263 837 vix
283 796 317 837 se
338 778 496 841 defensum
517 779 674 838 maenibus
697 779 781 838 urbis
884 784 885 787 ’

95 859 241 921 Continet.
264 862 389 921 Illorum
412 883 492 922 nunc
515 864 628 940 praeda
651 871 698 922 est
722 864 823 936 ohvia,
843 883 966 939 quorum

93 946 210 1006 Praedo
232 946 298 1006 fuit.
322 946 408 1021 Quod
425 968 485 1007 non
508 950 607 1021 toties,
630 966 686 1006 nec
705 956 790 1006 tanta
810 968 865 1024 per
883 968 983 1026 egros,

93 1031 211 1109 Perque
233 1032 364 1091 humiles
380 1033 527 1092 bacchate
547 1052 636 1095 casas
660 1034 799 1092 incendia
818 1043 961 1112 regnant:

96 1117 182 1192 Quod
204 1117 279 1176 civis
302 1118 437 1194 propriis
456 1119 574 1191 fruitur,
598 1118 677 1195 quod
698 1137 776 1195 pace
797 1119 938 1178 colonus:

96 1200 279 1262 Castanidae
301 1210 398 1261 totum
419 1204 537 1263 meritis
561 1204 696 1276 debetur,
721 1212 752 1262 et
773 1205 835 1276 uni,

95 1287 179 1362 Quae
199 1287 277 1346 nulli
298 1287 389 1360 cedit,
409 1289 457 1346 cui
478 1290 588 1347 cedunt
610 1289 723 1361 omnia,
745 1290 880 1348 dextrae.

93 1371 226 1431 Pictonio
248 1391 305 1431 sua
326 1372 437 1446 forma,
459 1381 511 1432 tua
533 1375 641 1433 virtute
662 1384 781 1447 renato,

93 1457 133 1515 Et
152 1458 272 1535 priscus
293 1458 411 1533 patriae
433 1459 524 1517 rediit
543 1460 631 1537 vigor
654 1461 779 1519 artubus
802 1461 912 1537 aegris.

96 1542 139 1600 Te
157 1543 243 1616 duee,
264 1543 435 1601 mercedem
456 1544 538 1602 lixae
560 1564 624 1602 non
644 1544 750 1620 pendit
769 1553 877 1603 mator.

93 1626 164 1686 Non
183 1646 292 1704 pacem
306 1627 406 1686 xdonis
428 1629 558 1701 redimit,
579 1649 642 1688 nou
666 1647 736 1686 aere
757 1630 897 1702 quietern.

94 1711 234 1788 Namque
249 1711 294 1770 tui
317 1731 462 1772 reverens
485 1713 627 1789 exempla
646 1713 812 1771 domestica
830 1714 867 1771 de
889 1721 920 1771 te

94 1798 180 1858 Miles
198 1798 303 1869 hahet,
327 1798 520 1872 sequiturque
544 1806 623 1870 tuos,
649 1804 683 1854 ut
708 1797 848 1871 classica,
871 1816 986 1856 mores.

135 1883 161 1943 Ο
182 1882 272 1953 felix,
296 1881 323 1940 si
346 1883 394 1940 cui
420 1883 546 1942 stabiles
567 1882 704 1941 florentis
727 1883 852 1942 honoris

93 1967 234 2027 Aeser-uit
255 1967 361 2025 titulos
382 1968 553 2029 indelibata
569 1968 719 2044 voluptas.

95 2049 152 2112 Sed
172 2069 275 2128 neque
296 2052 441 2112 inoffensi
457 2054 543 2111 datur
563 2053 631 2111 aevi
654 2071 774 2110 currere
793 2060 903 2125 metes,

96 2135 259 2197 Continuat
282 2137 402 2195 sincera
417 2147 506 2197 tenor
528 2156 625 2213 neque
649 2138 759 2215 gaudia
780 2139 878 2197 nobis.
937 2170 941 2177 „

93 2220 233 2300 Namque
245 2221 323 2304 duo
339 2223 463 2282 meritas
485 2231 669 2287 temerarunt
691 2224 794 2281 omine
814 2224 930 2295 laurus,

94 2306 177 2382 Quae
198 2317 375 2366 transverse
395 2308 455 2366 tuis
477 2309 667 2367 intervenere
684 2308 857 2383 trophaeis:

92 2392 187 2455 Vilius
211 2393 273 2450 heu
293 2393 391 2467 pubes
413 2393 538 2471 indigne
558 2403 656 2453 morte
676 2400 852 2469 peremptus

92 2483 191 2555 Atque
214 2486 299 2535 tuum
321 2496 432 2536 eumer.
455 2479 509 2537 sed
532 2495 633 2536 carcer
656 2477 804 2552 sanguine
826 2476 920 2536 multo

91 2562 383 2638 Pensatumexegit
404 2564 485 2622 iusta
506 2562 696 2620 Rhamnusia
715 2580 832 2637 poena:

92 2647 134 2707 Ut
152 2649 272 2706 demnis
291 2654 344 2704 tua
360 2648 429 2707 laus
453 2665 594 2707 crescens
615 2646 784 2723 preciosior
809 2655 900 2707 esset.

93 2731 251 2794 Sordescit
267 2732 336 2790 laus
359 2733 396 2790 de
419 2751 525 2793 securo
542 2739 642 2810 parta
670 2731 853 2807 Triumphus

91 2817 169 2878 Vilis
193 2818 261 2890 erit,
284 2817 412 2876 coinon
433 2819 595 2894 proludunt
613 2818 741 2894 praevia
759 2817 879 2876 demna.

91 2902 183 2961 Dicat
206 2902 357 2979 congestis
379 2911 527 2980 angustus
549 2902 661 2980 stragis
685 2902 813 2975 acervis,

94 2988 192 3063 Quem
212 2987 301 3065 pigra
321 2987 456 3065 Ligerim
476 2989 631 3065 propellat
651 2987 733 3046 mole
751 2986 900 3064 Vigenna.

92 3073 195 3133 Mersa
214 3080 287 3148 quot
308 3090 393 3130 erma
416 3074 525 3146 virum,
547 3082 618 3148 quot
638 3072 730 3131 fortia
752 3089 883 3148 corpore
903 3071 1005 3130 volvit.

91 3156 156 3217 Iam
176 3165 228 3218 set
244 3157 381 3217 finitimis
406 3159 531 3236 impune
551 3158 689 3217 illuserat
711 3155 784 3228 oris,

94 3243 245 3303 Turouios
269 3243 379 3324 praedo
398 3242 539 3317 quatiens
560 3242 744 3320 equitatibus
767 3259 870 3318 agros.
927 3278 929 3283 ,

93 3327 263 3392 Vindictam
287 3329 438 3405 exanguis
458 3329 576 3405 patriae
599 3328 748 3405 poscebat
764 3325 883 3403 imag03

92 3413 264 3473 Vindictam
286 3413 402 3471 lucere»
408 3415 557 3489 poscebat
577 3412 673 3470 Filius
695 3412 812 3484 umbra,

93 3497 242 3560 Devotum
264 3500 371 3570 funus,
390 3499 489 3557 civilis
509 3497 631 3556 uietima
651 3497 733 3555 belli.

92 3582 120 3642 It
138 3586 257 3663 campis
280 3602 400 3662 agmen.
421 3583 490 3645 telis
512 3583 664 3641 exereitus
688 3580 798 3640 ardens
888 3614 891 3623 ·
