2532 4216
613 368 763 461 —d‘l—

233 534 314 593 Hinc
336 535 421 592 fovet
442 533 575 592 infantes
597 536 758 614 prudentia
776 536 851 595 iuris
873 536 1033 598 alumnos:

274 620 380 678 Mania
401 619 556 678 abortivus
577 632 695 680 summa
717 619 849 687 Senator
869 623 941 682 obit.

186 705 188 709 ’
232 705 286 764 Dii
308 705 428 776 melius,
451 712 571 762 nostrae
590 707 671 781 quod
693 727 755 764 non
776 715 919 783 pertaesa
938 708 1080 767 iuventae

275 791 397 850 Erudiit
415 808 524 848 sensus
549 789 641 849 Coria
662 793 879 868 primameos.
1127 794 1130 799 ’

233 878 368 935 Exactos
389 874 490 951 legum
509 894 578 933 mea
595 896 682 936 mens
705 884 842 953 spectata
864 896 919 953 per
941 896 1015 936 usus

275 961 445 1020 Emendate
460 959 561 1019 ‘bonis
584 962 719 1020 cultibus.
738 971 808 1019 ante
833 963 898 1019 fuit.

233 1045 382 1122 Quicquid
407 1045 439 1102 in
461 1048 592 1104 aeternis
613 1047 748 1124 positum
771 1041 969 1106 memorabile
989 1048 1104 1107 chartis

276 1130 433 1189 Historiae
452 1132 564 1189 veteris
585 1133 673 1208 copia
695 1132 780 1190 dives
800 1133 906 1191 habete

233 1215 377 1290 Quaeque
399 1234 455 1291 per
475 1216 601 1276 annales
623 1217 741 1294 priscos
761 1225 814 1274 aut
835 1216 955 1275 Graeca
979 1224 1128 1291 vetustas,

276 1303 452 1377 Magnarum
479 1310 531 1359 aut
549 1322 649 1360 rerum
670 1303 790 1360 conscia
813 1302 910 1359 Roma
930 1311 1029 1360 notat:

234 1386 314 1444 Tum
335 1386 458 1462 linguae
479 1386 609 1444 studium
630 1387 777 1445 Varronis
802 1405 890 1444 sacra
909 1382 1025 1460 diserti,

276 1471 409 1529 Romani
431 1471 544 1546 eloquii
565 1491 703 1547 quaeque
722 1480 842 1529 tuentur
865 1491 953 1547 opes:

235 1553 352 1614 Cuncta
373 1556 447 1612 mihi
467 1566 612 1633 percepta
632 1557 727 1633 prius,
751 1576 841 1632 quam
862 1556 972 1614 audere
994 1557 1115 1615 viderer

276 1640 379 1699 Nauta
400 1659 457 1717 pcr
478 1642 597 1718 ignotos
618 1641 770 1700 velificare
791 1641 886 1700 lacus.

233 1725 301 1786 Nec
322 1726 451 1785 blandas
473 1727 575 1803 sprevi
600 1728 778 1785 commercia
796 1726 901 1785 mollia
922 1726 1038 1785 Musas.

277 1811 360 1887 Quin
380 1812 478 1887 spatia
498 1813 573 1870 haec
595 1813 684 1871 metis
706 1813 806 1888 prima
827 1812 912 1869 fu'erc
935 1811 1021 1869 meis.

233 1897 372 1974 Lauguet
388 1898 419 1954 in
440 1897 562 1954 incultis
586 1898 694 1954 animis
717 1897 876 1973 prudentia
902 1896 1017 1972 legum:

278 1980 426 2042 Sensibus
447 1981 602 2040 instructis
626 1981 722 2038 acrior
742 1981 796 2037 illa
818 1980 907 2038 subit.

233 2068 315 2126 Hinc
335 2087 384 2125 me
406 2066 539 2124 Romani
558 2066 700 2123 devotum
721 2066 796 2123 iuris
816 2065 969 2122 alumnum

274 2152 442 2229 Excipiunt
462 2150 620 2209 Themidis
645 2168 733 2208 sacra
752 2150 884 2208 verenda
904 2149 1001 2209 Deae.

233 2240 296 2297 Vix
316 2239 363 2296 his
386 2235 535 2312 egredior,
556 2255 628 2293 mox
650 2254 699 2292 mc
719 2234 839 2294 Palatia
859 2244 999 2311 poscunt.

276 2321 435 2382 Convenio
459 2319 547 2377 miles
564 2320 602 2378 ad
623 2339 691 2377 mea
712 2322 800 2397 signa
821 2322 980 2396 frequens:

232 2409 354 2485 Fungar
376 2406 533 2464 honoratis
556 2406 683 2477 vicibus,
708 2406 896 2479 celebrisque
918 2425 974 2481 per
992 2425 1098 2464 omnes

275 2492 403 2552 Militiae
424 2499 546 2548 exercet
565 2509 613 2548 me
634 2499 703 2568 toga
723 2491 812 2550 docta
831 2492 952 2569 gradus.

232 2581 282 2650 Et,
301 2576 382 2651 quod
404 2582 477 2633 nota
498 2576 600 2634 forent
620 2577 695 2633 mihi
714 2596 831 2636 summa
854 2576 988 2652 negotia,
1008 2576 1127 2654 magnis

275 2661 451 2736 Principum
473 2661 612 2718 amicitiis
635 2662 759 2737 publica
780 2681 851 2719 cura
872 2661 925 2719 fui.

233 2746 375 2808 Summus
396 2764 475 2820 apex
495 2748 639 2817 restabat,
661 2755 691 2804 et
709 2746 787 2823 ipsis
809 2746 952 2824 proxima
973 2744 1062 2803 Divis

275 2831 361 2903 Quae
386 2829 469 2888 claro
490 2831 587 2908 fulget
606 2852 741 2908 purpura
761 2833 859 2907 prima
877 2832 953 2888 loco.

232 2915 449 2976 Emendicatae
471 2936 534 2974 non
554 2916 632 2975 hanc
653 2916 798 2993 suffragia
816 2916 909 2987 vocis,

273 3000 343 3059 Non
367 3018 493 3076 magnas
514 3002 638 3061 vincens
661 3003 790 3060 ambitus
815 3020 885 3059 acer
906 3017 991 3074 opes,

233 3085 339 3145 Gratia
360 3105 421 3142 non
444 3089 606 3163 expressit.
629 3087 803 3145 inaffectata
823 3103 981 3162 supremus

274 3170 385 3227 Virtuti
405 3189 534 3249 magnac
553 3173 689 3249 praemia
708 3172 814 3247 pendit
832 3173 938 3229 honos.

231 3254 304 3314 Non
326 3256 392 3314 sine
413 3255 483 3316 Diis
502 3258 636 3335 probitas
660 3264 816 3334 grassatur
838 3257 876 3314 ad
897 3253 991 3311 ardua
1009 3273 1120 3312 rerum.

273 3338 347 3398 Non
367 3340 447 3401 levis
466 3351 514 3401 est
532 3343 641 3401 summi
662 3343 787 3399 conscia
808 3358 918 3399 caussa
939 3338 1061 3415 gradum.

232 3421 359 3484 Culmcn
382 3427 422 3484 ad
442 3428 501 3487 hoo
520 3429 619 3503 patuit
637 3428 687 3483 via
709 3428 853 3485 moribus.
875 3426 932 3482 huc
954 3442 1023 3480 mea
1047 3424 1141 3482 virtus

273 3512 325 3569 Me
345 3513 436 3571 vehit.
464 3513 539 3569 haec
559 3512 625 3568 rexi
649 3512 738 3588 signa
759 3517 889 3570 vocante
909 3507 988 3566 Deo.

231 3593 407 3669 Quamlibet
427 3597 549 3655 obiiciat
571 3596 660 3655 nobis
685 3615 800 3656 annosa
820 3602 967 3664 vetustas,
1021 3608 1022 3615 ¹
