2586 4214
651 317 802 411 —28-8—

208 551 221 575 !
270 484 373 560 (157)
565 482 658 567 Μήνη
681 482 889 568 χρυσόκερως.

268 569 359 628 Luna
379 569 459 643 ride,
482 589 599 646 vosque
618 591 636 630 o
654 571 809 637 radiantes
829 572 925 632 noetis
947 572 1035 631 oeelli

311 657 415 728 Astra,
439 656 496 714 sub
519 656 637 716 Oeeani
659 666 746 725 sueta
768 658 870 717 subire
892 657 1003 716 sinum.

268 736 432 811 Discessit,
456 759 565 818 meque
586 741 636 800 hio
653 741 781 821 fugitiva
800 742 923 818 reliquit
941 742 1055 814 Ariste,

310 825 453 900 Improba
474 834 544 903 post
561 834 685 887 sextum
705 847 765 885 non
787 828 860 885 mihi
878 827 945 889 visa
964 827 1053 885 diem.

269 908 430 987 Vestigare
455 917 555 970 tamen
579 919 771 985 eertumlest,
792 912 953 971 immittere
976 913 1083 970 odoros

313 992 466 1072 Cypridis,
491 997 610 1074 argenti
633 997 747 1074 grande
769 999 931 1071 numisma,
953 1014 1057 1056 osnes·

273 1108 276 1115 s

272 1162 389 1242 (062)
539 1158 676 1246 Ὄρθρος
697 1159 754 1248 ἔβη
777 1159 948 1245 Χρύσιλλα.

269 1248 423 1321 Lueeseit,
447 1247 610 1327 Chrysilla.
632 1249 705 1327 vigil
726 1251 787 1307 iam
812 1250 911 1327 gallus
935 1259 1022 1309 acuto

313 1333 471 1392 Infensum
492 1335 579 1393 nobis
601 1344 816 1410 provocatore
839 1336 929 1393 diem.

269 1417 406 1478 Alituum
427 1438 536 1496 pereas
558 1419 829 1496 importunissime,
850 1421 902 1495 qui
923 1440 971 1478 me

312 1503 456 1562 Visurum
478 1505 622 1582 aequales
646 1505 746 1583 exigis
767 1505 839 1562 inde
861 1506 974 1565 domos.

269 1586 334 1661 Fis,
358 1588 501 1663 Tithono,
525 1608 628 1649 senex.
651 1589 733 1649 Nam
750 1610 803 1648 eur
821 1596 883 1648 tam
907 1609 999 1648 mane
1018 1590 1131 1668 fugasti

311 1676 461 1733 Auroram
486 1694 503 1733 e
527 1675 642 1752 tepido,
666 1675 748 1734 lente
770 1676 889 1749 marite,
912 1675 1000 1734 torol

272 1842 288 1910 ζ
297 1843 388 1920 (177)
477 1806 480 1813 r
541 1838 605 1903 Νῦν
630 1863 681 1922 μοι
701 1844 793 1925 χαῖρε
812 1839 920 1922 λέγεις.

176 1931 179 1937 ’
270 1927 362 1986 Nune
382 1929 455 1986 mihi
478 1928 566 2001 diois,
592 1929 691 2001 Have,
713 1935 876 2006 postquam
896 1937 965 1987 tuus
984 1929 1038 1987 ille
1057 1930 1154 1988 nitore
1271 1918 1272 1985 l

313 2013 487 2072 Marmorea
510 2015 611 2073 vultus
634 2014 739 2091 purior
760 2012 900 2072 obsoluit.

271 2096 362 2155 Nune
385 2097 458 2155 mihi
479 2099 629 2171 subrides,
651 2094 813 2175 postquam
834 2099 889 2157 tibi
911 2106 1031 2175 tempus
1055 2097 1166 2157 ademit

315 2179 433 2241 cervici
455 2182 560 2242 solitas
581 2183 738 2242 involitans
751 2201 873 2242 eomas·
1271 2184 1272 2191 ’

272 2266 354 2325 Hine
374 2286 471 2345 apage
493 2288 511 2326 a
533 2269 630 2328 nobis.
651 2269 741 2328 nobis
767 2286 924 2329 occurrere
945 2266 1020 2326 noli.

314 2351 384 2412 Non
404 2354 478 2411 mihi
496 2374 552 2431 pro
576 2362 680 2413 tenera
702 2354 792 2430 spina
814 2353 946 2430 legenda
966 2370 1041 2412 rosa
1061 2360 1119 2411 est.

273 2521 393 2597 ζ(181)
547 2516 590 2583 El'
606 2542 658 2603 μοι
679 2519 730 2587 τὶς
745 2517 907 2603 μέμψοιτο.

273 2604 307 2666 Si
326 2605 402 2664 vitio
425 2607 499 2665 mihi
522 2607 589 2683 quis
614 2609 713 2680 vertit,
736 2608 815 2682 quod
836 2626 941 2666 seruus
964 2605 1086 2666 Amoris

313 2691 403 2763 Erro,
424 2692 505 2766 quod
526 2712 616 2751 omne
635 2693 731 2751 oeulis
755 2710 890 2769 aucupor
911 2692 1045 2764 alitibus,

271 2774 329 2833 Ille
350 2776 455 2834 lovem
478 2776 565 2851 sciat,
587 2797 623 2836 ae
645 2777 759 2850 Ditem,
782 2777 1009 2852 Dominamque
1029 2774 1181 2853 profundi,

316 2859 412 2921 Serve
432 2859 602 2939 Cupidineo
622 2863 704 2922 colla
724 2862 845 2922 dedisse
868 2863 949 2939 iugo.

274 2944 308 3008 Si
329 2948 400 3020 tale,
424 2954 513 3022 atque
533 2948 649 3006 homini
668 2966 764 3026 genus
786 2955 834 3006 est
849 2946 997 3006 imitabile
1018 2944 1143 3018 Divum,

313 3032 393 3093 Post
414 3033 512 3105 divos,
533 3033 683 3108 quodnam
707 3032 820 3090 erimen
837 3052 945 3090 amare
967 3048 1068 3088 meum
1091 3028 1157 3089 est?

534 3248 713 3326 tlltlnll
741 3247 927 3326 sallom.
954 3341 957 3345 φ

640 3400 821 3475 Theognidis.

279 3483 304 3541 1.
343 3484 494 3543 Vinosum
514 3504 578 3544 non
595 3484 711 3543 estffas
733 3485 832 3544 sieoos
854 3483 934 3541 inter
953 3482 1081 3557 adesse:
1119 3480 1122 3489 ’

320 3566 438 3629 Siecum
461 3569 585 3628 vinosos
608 3570 688 3628 inter
711 3570 823 3628 adesse
844 3568 942 3627 nefas.
