2586 4214
505 373 656 468 -914-9-

113 544 246 621 Opacus
271 562 377 602 omnes
400 541 539 601 Tellnmo
558 543 741 617 venabitur,
829 564 831 573 ·

112 629 228 688 Multis
250 628 348 686 ruinis
371 628 496 687 obrutos
520 647 558 685 ex
579 629 707 687 mortuis

111 715 187 774 Uno
212 713 324 772 relicto
347 713 457 771 nuncio
481 713 645 786 sodalibus,

112 798 370 877 Delphinisigne,
392 798 458 855 fure
480 797 615 859 Punicae
640 798 724 856 deae.

114 884 179 960 Qui
201 891 292 942 vasta
313 882 379 941 ravi
399 882 517 942 coclitis
541 882 673 960 magalia

113 969 256 1041 Videbit,
280 968 378 1026 aheno
398 967 533 1026 maximo
556 967 660 1045 calpar
682 967 757 1025 meri

114 1055 214 1112 Manu
238 1054 415 1130 propinans,
437 1053 580 1129 poculum
600 1052 774 1112 bellariumt

115 1139 257 1211 Videbit,
280 1147 311 1196 et
333 1156 409 1213 quae
430 1137 560 1212 liquerat
582 1138 730 1196 cadavera

115 1224 311 1282 Praestanus
333 1228 528 1282 Averruncus
555 1242 705 1281 armorum
726 1222 842 1296 cluens,

117 1309 182 1389 Qui
208 1317 293 1366 rutro
317 1309 434 1365 adunco
456 1309 650 1366 runcinantes
673 1308 784 1381 omnia,

119 1393 260 1452 Nectent
281 1393 408 1450 foratam
430 1400 512 1450 reste
535 1393 676 1468 praedam
700 1393 853 1469 mugilum.

119 1483 225 1554 Atque
249 1477 326 1537 alius
345 1478 436 1539 alium
457 1494 567 1549 saevus
589 1478 720 1554 excipiet
741 1478 826 1537 labor

117 1564 248 1625 Labore
271 1582 389 1638 semper
408 1562 538 1639 pristino
561 1563 702 1621 ferocior.

120 1649 212 1725 Quae
236 1664 295 1705 non
318 1647 487 1724 Charybdis
511 1655 693 1705 mortuorum
715 1647 897 1722 explebitur,

122 1733 215 1809 Quae
238 1753 298 1790 non
321 1733 466 1808 Erinnys,
491 1732 652 1808 semivirgo
674 1731 784 1802 bestia,

121 1817 210 1891 Quae
234 1838 296 1875 non
319 1816 463 1888 Camena,
486 1815 623 1873 carnifex
648 1815 868 1890 bimembrium,

120 1903 247 1963 Aetolis
267 1908 318 1959 aut
337 1901 468 1974 Curetis,
491 1908 573 1959 artus
595 1901 704 1975 liquier

123 1986 274 2048 Suadebit
292 2006 367 2045 aura
387 1987 553 2047 flexanima
572 1986 764 2047 immemores
789 1986 863 2044 cibi:

122 2073 183 2132 Vel
206 2092 297 2148 quam
320 2073 451 2130 ferarum
473 2092 531 2130 non
556 2071 674 2130 fabrum
696 2071 872 2143 intuebitur,

125 2161 228 2217 Atrox
248 2176 397 2216 venenum
422 2158 503 2214 farre
525 2156 702 2215 miscentem
725 2164 888 2230 excetram,

124 2243 294 2317 Fatumque
312 2243 544 2301 monstriforme.
568 2242 624 2301 sed
646 2242 809 2300 miserrimi

127 2326 246 2388 Sortem
263 2336 419 2405 gementes
442 2336 530 2400 atque
551 2327 689 2402 palantes
712 2326 796 2401 paris

125 2411 269 2473 Miscella
290 2432 411 2489 semper
432 2431 499 2470 cum
522 2412 649 2488 polenta
671 2410 806 2469 floccium
869 2417 876 2477 ’,

123 2500 236 2570 Acina,
257 2498 415 2570 fracesque
433 2496 639 2554 devorabunt:
663 2502 712 2553 ast
734 2513 802 2551 eum

124 2581 234 2642 Herba
257 2591 345 2657 atquc
367 2582 476 2640 Manus
500 2580 665 2638 vindicabit
687 2579 795 2637 obvius

125 2667 329 2727 Nonacriates
352 2666 481 2725 Viuulus
505 2665 632 2740 Triccps
656 2663 742 2734 deus,

125 2753 167 2811 Et
190 2761 374 2811 mortuorum
393 2770 487 2828 regna
510 2749 673 2809 descendet
696 2766 780 2821 cava,

126 2841 228 2912 Atque
248 2838 378 2895 inferum
400 2836 517 2913 rogabit
535 2835 670 2911 apricum
692 2852 846 2910 augurem,

128 2923 236 2983 Coitus
260 2923 392 2980 virorum
412 2929 442 2978 et
461 2920 640 2978 feminarum
665 2919 831 2989 conscium,

126 3008 252 3069 Umbris
273 3008 368 3064 hianti
391 3007 569 3083 sanguinem
592 3003 739 3080 obsipans
762 3002 845 3062 solo:

126 3093 280 3167 Ensisque
302 3101 372 3149 trux
393 3092 554 3161 munimen,
575 3089 682 3148 inferis
704 3096 826 3159 metum,

127 3179 273 3251 Vibrans,
297 3185 476 3234 trementum
498 3194 631 3233 murmur
650 3175 823 3231 umbrarum
846 3171 948 3230 audiet

130 3262 252 3323 Gracile
274 3262 387 3319 caduca
404 3260 578 3320 succrotilla
598 3259 711 3331 fabula,

129 3352 228 3424 Atque
249 3348 320 3404 hinc
340 3345 502 3424 Gigantum
525 3364 602 3420 quae
623 3345 752 3403 lacertos
772 3342 874 3401 insula

131 3431 299 3510 Confregit,
324 3439 354 3489 et
375 3430 531 3508 Typhonis
553 3437 636 3489 artus
660 3428 828 3504 querqueri.

130 3518 250 3578 Adusta
268 3517 425 3593 flam[m]is
447 3535 514 3575 cum
533 3534 616 3573 mera
638 3514 768 3591 excipiet
786 3519 865 3571 rate:

132 3604 201 3679 Qua
223 3621 278 3660 rex
297 3601 420 3661 deorum
443 3601 569 3661 informe
591 3600 746 3663 clunarum
767 3616 863 3676 genus
