2502 4218
596 378 746 473 —Q

215 544 370 627 Θάττονῆ
394 541 471 627 παρ’
499 540 692 629 Ἡρακλείτῳ
716 544 847 626 περίνεω
869 540 960 610 τόκος
981 539 1090 626 τρέχει.

216 629 278 695 Καὶ
298 627 395 775 κράκφ
416 626 496 691 λέων
516 628 618 697 δεθεὶς
642 628 707 692 ἄνω
729 629 812 692 κάτω
835 627 1041 711 περισῦρεται.

216 712 338 798 Κέρδος
360 735 380 775 α
394 711 507 798 σχῦνιγς
527 711 663 796 ἄμεινον.
685 712 757 776 ἕλκε
778 712 887 798 μοιχὸν
910 710 942 780 ἐς
967 708 1073 797 μυχόν.

216 791 307 883 Μήγε
329 800 432 882 μεῖζον
456 796 639 883 προσκέοιτο
662 796 856 880 τούπίσαγρα
877 795 1016 881 θυλάκῳ.

216 880 270 967 Μὴ
296 881 324 945 δ’
349 878 460 965 ἀγκάλῃ,
476 884 537 950 τιδς
556 885 660 950 καλῶς
678 881 809 960 ἄκανθα,
830 879 904 967 μηδ’
921 877 961 943 αὖ
981 879 1122 962 πλαδδίγγ.

217 967 270 1075 Μίρ
294 965 325 1028 σ’
348 966 460 1029 ἐλαιῶν
484 965 571 1035 ἐκτδς
589 967 762 1050 άρπάσαςὸ
785 966 884 1048 θυμὸς
903 963 1032 1070 ἐκφέρρ.
1236 972 1237 995 ³

216 1052 270 1158 Μιρ
293 1049 359 1114 ποτ’
382 1048 417 1114 εῦ
438 1050 537 1135 ἕρδειν
558 1050 697 1136 γέροντα,
722 1050 801 1134 μηδὲ
823 1050 958 1133 γείτονος
979 1070 1065 1113 κυνα.

217 1137 305 1220 Μητε
324 1136 434 1214 παῖδα,
456 1136 497 1219 μὴ
521 1139 660 1217 γυναῖκα,
682 1136 723 1218 μὴ
749 1137 849 1198 λάλον
860 1135 1056 1217 κωπηλάτην.

217 1219 435 1305 Μήτε-Λοδῶν
461 1219 596 1303 καρῦκας
613 1243 660 1303 γε,
684 1221 760 1303 μήτε
780 1219 932 1303 μαστίγων
959 1216 1089 1302 ψόφους.

217 1303 379 1386 Μουσικὴν
396 1300 482 1386 ,ἔρως
502 1304 649 1380 διδάσκει,
672 1301 727 1388 κᾷν
751 1303 888 1387 ἄμουσος
908 1299 930 1386 ᾖ
950 1303 983 1365 τὸ
1005 1302 1083 1387 πρίν.

217 1387 310 1473 Νῦιφε
333 1388 385 1450 καὶ
407 1386 542 1497 ρέμνασ’
555 1388 702 1466 άπιστεῖν,
718 1394 815 1452 ταῦτα
828 1392 922 1471 νεῦρα
934 1390 987 1449 τῦιν
1029 1389 1124 1471 ρενῦν.

217 1471 313 1539 Νυκτὶ
331 1494 448 1556 φωναν,
470 1472 551 1535 νυκτὶ
575 1472 701 1557 βουλάν,
718 1473 806 1535 ,νυκτὶ
827 1472 880 1534 τὰν
902 1471 986 1534 νίκαν
1004 1410 1105 1534 θίδσυ.

215 1555 253 1623 ‘O
276 1556 392 1640 φθόνος
413 1555 529 1624 δίκαιός
548 1556 621 1634 ἐστι,
639 1559 689 1621 τὸν
712 1558 887 1642 φθονοῦντα
905 1555 963 1639 γάρ
984 1555 1095 1619 δάκνει.

219 1641 299 1708 Οἶδα
318 1641 466 1709 πολλάκις
490 1642 626 1709 κολάσας
644 1640 796 1727 χᾴτέρους
818 1645 874 1704 σοῦ
897 1640 1049 1723 μείζονας.

219 1725 289 1793 Οίσι
311 1727 415 1789 πιστὸν
438 1728 553 1809 μᾶλλον
577 1726 679 1806 οὐδὲν,
699 1726 718 1810 ἢ
742 1725 826 1811 λῦκιρ
849 1723 1002 1809 κεχηνότι.

210 1807 317 1879 Ὅστις
337 1809 425 1894 ἔργον
449 1810 539 1873 οῦδὲν
562 1810 657 1895 εἶχεν,
677 1808 829 1895 Ἀρμένιγν
854 1808 1012 1894 ἐτείχισεν.

219 1894 265 1961 Οὔ
289 1895 324 1978 μ’
336 1895 430 1978 ἐχρῆν
444 1895 535 1978 σορὸν
550 1896 710 1979 πρίασθαι,
726 1894 808 1958 τοῦτ’
823 1893 929 1979 ὄφλων
943 1892 1126 1978 ἀπέρχομαι.

220 1978 300 2046 Οὔτε
323 1979 375 2041 σὺν
396 1978 653 2062 πανωλέθροισιν,
676 1978 744 2042 οὔτ’
769 1979 842 2042 ἄνευ
865 1976 1088 2062 πανωλέθρων.

220 2062 266 2129 Οὐ
285 2061 510 2147 ,φιλάνθρωπός
528 2084 572 2131 τις
594 2063 630 2125 εἴ.
655 2061 737 2149 ἔχεις
757 2064 860 2143 νόσον,
878 2063 997 2149 χαίρεις
1017 2062 1127 2130 διδοδς.

220 2147 300 2214 Οὐδ’
325 2146 398 2210 ἄνευ
421 2147 504 2209 ἁλῶν
529 2148 688 2231 μεδίμνου,
711 2148 779 2211 οὐδ’
798 2147 870 2212 ἄνευ
894 2147 1009 2233 χρόνου
1032 2147 1125 2231 φιλος.

220 2230 287 2298 Οίικ
310 2231 371 2314 ἐγώ
396 2231 495 2313 μοῦνα
520 2232 674 2315 κοθοορὶς,
698 2232 758 2295 ἐντὶ
779 2231 810 2296 κ’
833 2232 926 2296 ἄλλαι
951 2232 1118 2300 άλῶπεκες.

209 2314 254 2381 Ὃ
278 2317 339 2399 ἐγὼ
361 2313 557 2396 σ’[ἐ]δίδαξα
579 2316 696 2379 πέττειν
720 2316 837 2401 τέτταρ’
861 2319 905 2385 είς
923 2316 976 2398 τὴν
1000 2316 1125 2402 χοίνικα.

221 2399 290 2487 Οὐχ
308 2398 361 2464 ὑπ’
385 2400 500 2478 ἄλλων,
522 2400 603 2474 ἀλλὰ
623 2405 687 2470 τοῖς
703 2406 816 2465 σαυτοῦ
836 2404 959 2485 πτεροῖς
980 2399 1126 2465 άλίσκεαι.

219 2484 313 2551 Πάντ’
336 2484 392 2548 ἀπ’
412 2486 608 2569 άκροφυσίων
632 2509 664 2549 τε
686 2486 765 2570 κᾴπδ
787 2486 1047 2571 κινναβευμάτων.

220 2569 375 2638 Πολλάκις
384 2592 431 2632 τοι
443 2568 539 2633 πόλλ’
554 2571 609 2633 ἀπ’
627 2571 749 2657 ἐχθρῶν
764 2570 968 2653 μανθάνουσιν
986 2570 1016 2632 οἱ
1026 2569 1128 2654 σοφοὶ.

220 2652 1125 2740 Πρδςστάθργγπέτροντίθεσθαι,γε’τιτιρδςπέτριρστάθμηνΙ

221 2735 376 2822 Πυρρίχου
401 2736 451 2820 ἄρ’
478 2739 499 2803 ἁ
520 2739 660 2822 κάμηλος
682 2680 782 2824 ἔμαθε
804 2739 857 2802 τάν
879 2737 1037 2820 Κινησίου.

221 2819 270 2906 Τῇ
293 2822 419 2905 ἀγρυξίᾳ
442 2821 581 2886 δέδενται
601 2823 710 2909 ἄνδρες
732 2825 761 2886 οἱ
784 2826 956 2907 νικώμενοι.

221 2903 270 2991 Τῇ
292 2906 349 2973 πέτ
369 2906 456 2989 αδδς
469 2907 502 2970 τδ
521 2906 631 2977 σκέλος
644 2911 708 2986 σὺν,
724 2910 775 2972 καὶ
788 2912 954 2981 πεσοῦνται
970 2906 1002 2970 τ’
1020 2908 1127 2992 ῶρνεα.

126 3046 131 3052 .
221 2929 466 3074 Τοδςγέροντοις
482 2997 553 3061 παῖς
571 2994 733 3070 διδάσκεις,
747 2995 798 3056 καὶ
813 2993 872 3076 πρὸ
894 2996 948 3075 τῆς
965 2992 1128 3074 γενειάδος.

221 3072 321 3139 Τοῦτο
348 3076 385 3158 δὴ
406 3077 439 3139 τδ
466 3078 553 3161 σιμὸν
577 3077 743 3162 ἐξάμπρευ’
766 3077 839 3141 άνεο
860 3076 1040 3158 κανθηλίου.
1111 3108 1115 3117 ·

222 3156 276 3246 Τῷ
296 3162 421 3246 παλαιῷ
442 3162 618 3245 Λακρατίδγγ
640 3164 674 3226 τὸ
695 3160 803 3231 σκέλος
824 3160 996 3248 βαρύνεται.

220 3240 246 3311 Τ
249 3250 275 3330 ιῦ
287 3245 407 3329 πράσου
424 3244 600 3331 φῦλλιρ’στ’
613 3245 753 3330 ἐρώντων
765 3245 931 3330 δεδεμένον
939 3245 1128 3329 βαλλάντιον.

222 3324 291 3393 Τῶν
311 3352 346 3412 γε
367 3329 639 3416 διθυραμβοποιῶν
663 3334 734 3393 νοῦν
757 3328 839 3417 ἔχεις
860 3329 1019 3394 ἐλάττονα.

223 3413 313 3499 Φρδξ,
328 3415 404 3497 ἀνὴρ
426 3415 551 3497 πληγεὶς
571 3414 716 3496 ἀμείνων,
736 3417 787 3479 καί
808 3414 1049 3500 διακονέστερος.

221 3496 478 3582 Χοιροπωλήσειν
502 3496 616 3574 ἔοικας,
636 3500 662 3562 ῶ
684 3496 731 3563 Κο
755 3500 835 3564 ινθία
855 3499 953 3581 γῦναι.

211 3579 294 3651 Ὧδε
319 3583 409 3666 μίσει,
432 3586 474 3651 ῶς
490 3582 645 3667 φιλήσων·
670 3588 712 3653 ῶς
734 3523 769 3647 θέ
792 3585 941 3669 ρισήσων,
966 3583 1059 3669 φιλει.
