<?xml version="1.0" encoding="UTF-8"?>
<!DOCTYPE html PUBLIC "-//W3C//DTD XHTML 1.0 Transitional//EN"
    "http://www.w3.org/TR/xhtml1/DTD/xhtml1-transitional.dtd">
<html xmlns="http://www.w3.org/1999/xhtml" xml:lang="en" lang="en">
 <head>
  <title>
</title>
<meta http-equiv="Content-Type" content="text/html;charset=utf-8" />
  <meta name='ocr-system' content='tesseract 3.04.00' />
  <meta name='ocr-capabilities' content='ocr_page ocr_carea ocr_par ocr_line ocrx_word'/>
</head>
<body>
  <div class='ocr_page' id='page_1' title='image "./iosephiscaliger01scalgoog_0038.png"; bbox 0 0 2532 4216; ppageno 0'>
   <div class='ocr_carea' id='block_1_1' title="bbox 456 316 607 410">
    <p class='ocr_par' dir='ltr' id='par_1_1' title="bbox 456 316 607 410">
     <span class='ocr_line' id='line_1_1' title="bbox 456 316 607 410; baseline -0.013 -34"><span class='ocrx_word' id='word_1_1' title='bbox 456 316 607 410; x_wconf 55' lang='lat'><strong>„³3-</strong></span> 
     </span>
    </p>
   </div>
   <div class='ocr_carea' id='block_1_2' title="bbox 24 481 987 3026">
    <p class='ocr_par' dir='ltr' id='par_1_2' title="bbox 127 481 791 564">
     <span class='ocr_line' id='line_1_2' title="bbox 127 481 791 564; baseline 0.012 -25"><span class='ocrx_word' id='word_1_2' title='bbox 127 481 162 539; x_wconf 80' lang='lat' dir='ltr'><strong>llt</strong></span> <span class='ocrx_word' id='word_1_3' title='bbox 179 503 289 542; x_wconf 90' lang='lat' dir='ltr'><strong>vacuae</strong></span> <span class='ocrx_word' id='word_1_4' title='bbox 309 503 329 541; x_wconf 89' lang='lat' dir='ltr'><strong>a</strong></span> <span class='ocrx_word' id='word_1_5' title='bbox 351 484 437 543; x_wconf 89' lang='lat' dir='ltr'><strong>nobis</strong></span> <span class='ocrx_word' id='word_1_6' title='bbox 461 486 557 564; x_wconf 59' lang='lat' dir='ltr'><strong>erigo,</strong></span> <span class='ocrx_word' id='word_1_7' title='bbox 570 487 680 545; x_wconf 89' lang='lat' dir='ltr'><strong>mentis</strong></span> <span class='ocrx_word' id='word_1_8' title='bbox 704 508 791 564; x_wconf 90' lang='lat' dir='ltr'><strong>opus.</strong></span> 
     </span>
    </p>

    <p class='ocr_par' dir='ltr' id='par_1_3' title="bbox 94 568 948 728">
     <span class='ocr_line' id='line_1_3' title="bbox 94 568 948 650; baseline 0.009 -26"><span class='ocrx_word' id='word_1_9' title='bbox 94 568 133 624; x_wconf 87' lang='lat' dir='ltr'><strong>Me</strong></span> <span class='ocrx_word' id='word_1_10' title='bbox 151 569 228 626; x_wconf 90' lang='lat' dir='ltr'><strong>iuvat</strong></span> <span class='ocrx_word' id='word_1_11' title='bbox 247 588 380 628; x_wconf 80' lang='lat' dir='ltr'><strong>exorare</strong></span> <span class='ocrx_word' id='word_1_12' title='bbox 400 571 512 633; x_wconf 79' lang='lat' dir='ltr'><strong>malum</strong></span> <span class='ocrx_word' id='word_1_13' title='bbox 537 572 610 629; x_wconf 82' lang='lat' dir='ltr'><strong>hoc:</strong></span> <span class='ocrx_word' id='word_1_14' title='bbox 632 573 740 646; x_wconf 88' lang='lat' dir='ltr'><strong>quibus</strong></span> <span class='ocrx_word' id='word_1_15' title='bbox 760 573 814 631; x_wconf 84' lang='lat' dir='ltr'><strong>illa</strong></span> <span class='ocrx_word' id='word_1_16' title='bbox 834 574 948 650; x_wconf 76' lang='lat' dir='ltr'><strong>pianda</strong></span> 
     </span>
     <span class='ocr_line' id='line_1_4' title="bbox 127 654 729 728; baseline 0.002 -16"><span class='ocrx_word' id='word_1_17' title='bbox 127 654 267 713; x_wconf 83' lang='lat' dir='ltr'><strong>Auxiliia:</strong></span> <span class='ocrx_word' id='word_1_18' title='bbox 288 673 348 728; x_wconf 86' lang='lat' dir='ltr'><strong>quo</strong></span> <span class='ocrx_word' id='word_1_19' title='bbox 372 655 412 713; x_wconf 88' lang='lat' dir='ltr'><strong>sit</strong></span> <span class='ocrx_word' id='word_1_20' title='bbox 433 665 498 713; x_wconf 90' lang='lat' dir='ltr'><strong>ture</strong></span> <span class='ocrx_word' id='word_1_21' title='bbox 517 655 635 717; x_wconf 78' lang='lat' dir='ltr'><strong>litanda</strong></span> <span class='ocrx_word' id='word_1_22' title='bbox 655 657 729 713; x_wconf 90' lang='lat' dir='ltr'><strong>mihi</strong></span> 
     </span>
    </p>

    <p class='ocr_par' dir='ltr' id='par_1_4' title="bbox 94 735 917 900">
     <span class='ocr_line' id='line_1_5' title="bbox 94 735 917 821; baseline 0.009 -26"><span class='ocrx_word' id='word_1_23' title='bbox 94 735 325 810; x_wconf 83' lang='lat' dir='ltr'><strong>(Formidandum</strong></span> <span class='ocrx_word' id='word_1_24' title='bbox 348 739 447 817; x_wconf 83' lang='lat' dir='ltr'><strong>aegris</strong></span> <span class='ocrx_word' id='word_1_25' title='bbox 472 748 561 815; x_wconf 88' lang='lat' dir='ltr'><strong>atque</strong></span> <span class='ocrx_word' id='word_1_26' title='bbox 579 741 771 816; x_wconf 75' lang='lat' dir='ltr'>implacabile</span> <span class='ocrx_word' id='word_1_27' title='bbox 793 745 917 821; x_wconf 88' lang='lat' dir='ltr'><strong>numen)</strong></span> 
     </span>
     <span class='ocr_line' id='line_1_6' title="bbox 128 822 800 900; baseline 0.007 -20"><span class='ocrx_word' id='word_1_28' title='bbox 128 822 189 881; x_wconf 89' lang='lat' dir='ltr'><strong>Una</strong></span> <span class='ocrx_word' id='word_1_29' title='bbox 209 824 306 883; x_wconf 84' lang='lat' dir='ltr'><strong>tribus</strong></span> <span class='ocrx_word' id='word_1_30' title='bbox 327 825 428 883; x_wconf 83' lang='lat' dir='ltr'><strong>Furiis</strong></span> <span class='ocrx_word' id='word_1_31' title='bbox 450 825 552 883; x_wconf 88' lang='lat' dir='ltr'><strong>addita</strong></span> <span class='ocrx_word' id='word_1_32' title='bbox 573 835 681 900; x_wconf 91' lang='lat' dir='ltr'><strong>quarta</strong></span> <span class='ocrx_word' id='word_1_33' title='bbox 701 845 800 885; x_wconf 90' lang='lat' dir='ltr'><strong>soror.</strong></span> 
     </span>
    </p>

    <p class='ocr_par' dir='ltr' id='par_1_5' title="bbox 92 904 891 1071">
     <span class='ocr_line' id='line_1_7' title="bbox 92 904 891 986; baseline 0.013 -24"><span class='ocrx_word' id='word_1_34' title='bbox 92 904 158 966; x_wconf 85' lang='lat' dir='ltr'>Post</span> <span class='ocrx_word' id='word_1_35' title='bbox 175 909 321 968; x_wconf 86' lang='lat' dir='ltr'><strong>subducta</strong></span> <span class='ocrx_word' id='word_1_36' title='bbox 340 909 415 986; x_wconf 90' lang='lat' dir='ltr'><strong>polo</strong></span> <span class='ocrx_word' id='word_1_37' title='bbox 437 911 583 969; x_wconf 81' lang='lat' dir='ltr'><strong>caelestia</strong></span> <span class='ocrx_word' id='word_1_38' title='bbox 603 911 720 969; x_wconf 84' lang='lat' dir='ltr'><strong>semina</strong></span> <span class='ocrx_word' id='word_1_39' title='bbox 741 913 891 986; x_wconf 83' lang='lat' dir='ltr'><strong>flammae,</strong></span> 
     </span>
     <span class='ocr_line' id='line_1_8' title="bbox 126 994 835 1071; baseline 0.01 -21"><span class='ocrx_word' id='word_1_40' title='bbox 126 995 215 1068; x_wconf 80' lang='lat' dir='ltr'>Atque</span> <span class='ocrx_word' id='word_1_41' title='bbox 241 994 445 1052; x_wconf 72' lang='lat' dir='ltr'><strong>Prometheae</strong></span> <span class='ocrx_word' id='word_1_42' title='bbox 466 998 592 1056; x_wconf 86' lang='lat' dir='ltr'><strong>conscia</strong></span> <span class='ocrx_word' id='word_1_43' title='bbox 614 996 695 1054; x_wconf 83' lang='lat' dir='ltr'><strong>forte</strong></span> <span class='ocrx_word' id='word_1_44' title='bbox 714 1015 835 1071; x_wconf 85' lang='lat' dir='ltr'><strong>manus,</strong></span> 
     </span>
    </p>

    <p class='ocr_par' dir='ltr' id='par_1_6' title="bbox 92 1074 822 1238">
     <span class='ocr_line' id='line_1_9' title="bbox 92 1074 822 1157; baseline 0.012 -25"><span class='ocrx_word' id='word_1_45' title='bbox 92 1074 181 1135; x_wconf 82' lang='lat' dir='ltr'><strong>Prima</strong></span> <span class='ocrx_word' id='word_1_46' title='bbox 200 1080 371 1156; x_wconf 75' lang='lat' dir='ltr'><strong>peregrinis</strong></span> <span class='ocrx_word' id='word_1_47' title='bbox 390 1080 482 1138; x_wconf 80' lang='lat' dir='ltr'><strong>Erebi</strong></span> <span class='ocrx_word' id='word_1_48' title='bbox 506 1091 596 1157; x_wconf 88' lang='lat' dir='ltr'><strong>caput</strong></span> <span class='ocrx_word' id='word_1_49' title='bbox 615 1081 726 1138; x_wconf 82' lang='lat' dir='ltr'><strong>extulit</strong></span> <span class='ocrx_word' id='word_1_50' title='bbox 748 1083 822 1155; x_wconf 76' lang='lat' dir='ltr'><strong>oris,</strong></span> 
     </span>
     <span class='ocr_line' id='line_1_10' title="bbox 127 1162 721 1238; baseline 0.007 -19"><span class='ocrx_word' id='word_1_51' title='bbox 127 1162 241 1221; x_wconf 87' lang='lat' dir='ltr'><strong>insueta</strong></span> <span class='ocrx_word' id='word_1_52' title='bbox 262 1175 294 1223; x_wconf 89' lang='lat' dir='ltr'><strong>et</strong></span> <span class='ocrx_word' id='word_1_53' title='bbox 315 1164 400 1222; x_wconf 81' lang='lat' dir='ltr'><strong>vultu</strong></span> <span class='ocrx_word' id='word_1_54' title='bbox 420 1167 526 1223; x_wconf 81' lang='lat' dir='ltr'><strong>terruit</strong></span> <span class='ocrx_word' id='word_1_55' title='bbox 549 1174 632 1224; x_wconf 86' lang='lat' dir='ltr'><strong>astra</strong></span> <span class='ocrx_word' id='word_1_56' title='bbox 655 1185 721 1238; x_wconf 84' lang='lat' dir='ltr'><strong>suo,</strong></span> 
     </span>
    </p>

    <p class='ocr_par' dir='ltr' id='par_1_7' title="bbox 93 1247 841 1413">
     <span class='ocr_line' id='line_1_11' title="bbox 93 1247 841 1326; baseline 0.008 -22"><span class='ocrx_word' id='word_1_57' title='bbox 93 1247 248 1306; x_wconf 86' lang='lat' dir='ltr'><strong>Morborum</strong></span> <span class='ocrx_word' id='word_1_58' title='bbox 273 1257 303 1307; x_wconf 89' lang='lat' dir='ltr'><strong>et</strong></span> <span class='ocrx_word' id='word_1_59' title='bbox 323 1251 417 1307; x_wconf 83' lang='lat' dir='ltr'><strong>traxit</strong></span> <span class='ocrx_word' id='word_1_60' title='bbox 440 1250 551 1308; x_wconf 80' lang='lat' dir='ltr'><strong>ferales</strong></span> <span class='ocrx_word' id='word_1_61' title='bbox 572 1252 670 1326; x_wconf 88' lang='lat' dir='ltr'><strong>prima</strong></span> <span class='ocrx_word' id='word_1_62' title='bbox 692 1251 841 1322; x_wconf 86' lang='lat' dir='ltr'><strong>cohortes3</strong></span> 
     </span>
     <span class='ocr_line' id='line_1_12' title="bbox 128 1330 815 1413; baseline 0.006 -23"><span class='ocrx_word' id='word_1_63' title='bbox 128 1330 218 1407; x_wconf 86' lang='lat' dir='ltr'><strong>Seque</strong></span> <span class='ocrx_word' id='word_1_64' title='bbox 241 1335 349 1392; x_wconf 86' lang='lat' dir='ltr'><strong>ducem</strong></span> <span class='ocrx_word' id='word_1_65' title='bbox 370 1335 460 1392; x_wconf 88' lang='lat' dir='ltr'><strong>iussit</strong></span> <span class='ocrx_word' id='word_1_66' title='bbox 479 1344 511 1392; x_wconf 89' lang='lat' dir='ltr'><strong>et</strong></span> <span class='ocrx_word' id='word_1_67' title='bbox 532 1354 588 1394; x_wconf 87' lang='lat' dir='ltr'><strong>sua</strong></span> <span class='ocrx_word' id='word_1_68' title='bbox 609 1337 699 1413; x_wconf 84' lang='lat' dir='ltr'><strong>signa</strong></span> <span class='ocrx_word' id='word_1_69' title='bbox 721 1337 815 1411; x_wconf 87' lang='lat' dir='ltr'><strong>sequi.</strong></span> 
     </span>
    </p>

    <p class='ocr_par' dir='ltr' id='par_1_8' title="bbox 24 1415 957 1505">
     <span class='ocr_line' id='line_1_13' title="bbox 24 1415 957 1505; baseline 0.011 -33"><span class='ocrx_word' id='word_1_70' title='bbox 24 1484 26 1505; x_wconf 27' lang='lat' dir='ltr'><em>r</em></span> <span class='ocrx_word' id='word_1_71' title='bbox 92 1415 154 1473; x_wconf 86' lang='lat' dir='ltr'><strong>Inde</strong></span> <span class='ocrx_word' id='word_1_72' title='bbox 175 1418 330 1477; x_wconf 88' lang='lat' dir='ltr'><strong>hominum</strong></span> <span class='ocrx_word' id='word_1_73' title='bbox 352 1420 473 1478; x_wconf 88' lang='lat' dir='ltr'><strong>miseris</strong></span> <span class='ocrx_word' id='word_1_74' title='bbox 495 1422 661 1479; x_wconf 87' lang='lat' dir='ltr'><strong>cervicibus</strong></span> <span class='ocrx_word' id='word_1_75' title='bbox 683 1420 820 1481; x_wconf 86' lang='lat' dir='ltr'><strong>imminet</strong></span> <span class='ocrx_word' id='word_1_76' title='bbox 842 1423 957 1495; x_wconf 82' lang='lat' dir='ltr'><strong>hostis3</strong></span> 
     </span>
    </p>

    <p class='ocr_par' dir='ltr' id='par_1_9' title="bbox 24 1499 794 1582">
     <span class='ocr_line' id='line_1_14' title="bbox 24 1499 794 1582; baseline 0.006 -23"><span class='ocrx_word' id='word_1_77' title='bbox 24 1516 26 1551; x_wconf 56' lang='lat' dir='ltr'><strong>l</strong></span> <span class='ocrx_word' id='word_1_78' title='bbox 127 1499 224 1561; x_wconf 83' lang='lat' dir='ltr'><strong>Calcat</strong></span> <span class='ocrx_word' id='word_1_79' title='bbox 247 1512 277 1561; x_wconf 91' lang='lat' dir='ltr'><strong>et</strong></span> <span class='ocrx_word' id='word_1_80' title='bbox 295 1505 438 1580; x_wconf 85' lang='lat' dir='ltr'><strong>imposito</strong></span> <span class='ocrx_word' id='word_1_81' title='bbox 459 1506 581 1563; x_wconf 85' lang='lat' dir='ltr'><strong>subdita</strong></span> <span class='ocrx_word' id='word_1_82' title='bbox 603 1506 684 1565; x_wconf 92' lang='lat' dir='ltr'><strong>colla</strong></span> <span class='ocrx_word' id='word_1_83' title='bbox 707 1507 794 1582; x_wconf 85' lang='lat' dir='ltr'><strong>pede.</strong></span> 
     </span>
    </p>

    <p class='ocr_par' dir='ltr' id='par_1_10' title="bbox 24 1584 823 1667">
     <span class='ocr_line' id='line_1_15' title="bbox 24 1584 823 1667; baseline 0.008 -25"><span class='ocrx_word' id='word_1_84' title='bbox 24 1586 25 1651; x_wconf 60' lang='grc' dir='ltr'>ἒ</span> <span class='ocrx_word' id='word_1_85' title='bbox 93 1584 230 1648; x_wconf 87' lang='lat' dir='ltr'><strong>Odulces</strong></span> <span class='ocrx_word' id='word_1_86' title='bbox 252 1591 385 1660; x_wconf 84' lang='lat' dir='ltr'><strong>animae,</strong></span> <span class='ocrx_word' id='word_1_87' title='bbox 408 1589 435 1648; x_wconf 88' lang='lat' dir='ltr'><strong>si</strong></span> <span class='ocrx_word' id='word_1_88' title='bbox 458 1591 509 1666; x_wconf 90' lang='lat' dir='ltr'><strong>qui</strong></span> <span class='ocrx_word' id='word_1_89' title='bbox 534 1592 701 1667; x_wconf 83' lang='lat' dir='ltr'><strong>superestis</strong></span> <span class='ocrx_word' id='word_1_90' title='bbox 724 1592 823 1664; x_wconf 84' lang='lat' dir='ltr'><strong>amici,</strong></span> 
     </span>
    </p>

    <p class='ocr_par' dir='ltr' id='par_1_11' title="bbox 24 1671 715 1748">
     <span class='ocr_line' id='line_1_16' title="bbox 24 1671 715 1748; baseline 0.004 -20"><span class='ocrx_word' id='word_1_91' title='bbox 24 1686 25 1745; x_wconf 39' lang='grc' dir='ltr'>ζ</span> <span class='ocrx_word' id='word_1_92' title='bbox 126 1671 188 1729; x_wconf 88' lang='lat' dir='ltr'><strong>Iure</strong></span> <span class='ocrx_word' id='word_1_93' title='bbox 208 1674 343 1733; x_wconf 86' lang='lat' dir='ltr'><strong>sodalitii</strong></span> <span class='ocrx_word' id='word_1_94' title='bbox 362 1683 488 1748; x_wconf 85' lang='lat' dir='ltr'><strong>pectora</strong></span> <span class='ocrx_word' id='word_1_95' title='bbox 508 1676 609 1733; x_wconf 86' lang='lat' dir='ltr'><strong>iuncta</strong></span> <span class='ocrx_word' id='word_1_96' title='bbox 630 1676 715 1746; x_wconf 86' lang='lat' dir='ltr'><strong>mihi,</strong></span> 
     </span>
    </p>

    <p class='ocr_par' dir='ltr' id='par_1_12' title="bbox 92 1755 911 1836">
     <span class='ocr_line' id='line_1_17' title="bbox 92 1755 911 1836; baseline 0.009 -24"><span class='ocrx_word' id='word_1_97' title='bbox 92 1755 211 1832; x_wconf 80' lang='lat' dir='ltr'><strong>Accipite</strong></span> <span class='ocrx_word' id='word_1_98' title='bbox 232 1761 290 1818; x_wconf 80' lang='lat' dir='ltr'><strong>bas</strong></span> <span class='ocrx_word' id='word_1_99' title='bbox 312 1759 473 1835; x_wconf 86' lang='lat' dir='ltr'><strong>lacrymas,</strong></span> <span class='ocrx_word' id='word_1_100' title='bbox 498 1760 632 1834; x_wconf 88' lang='lat' dir='ltr'><strong>supremi</strong></span> <span class='ocrx_word' id='word_1_101' title='bbox 654 1760 782 1836; x_wconf 83' lang='lat' dir='ltr'><strong>pignora</strong></span> <span class='ocrx_word' id='word_1_102' title='bbox 802 1759 911 1834; x_wconf 84' lang='lat' dir='ltr'><strong>luctus,</strong></span> 
     </span>
    </p>

    <p class='ocr_par' dir='ltr' id='par_1_13' title="bbox 24 1841 795 1920">
     <span class='ocr_line' id='line_1_18' title="bbox 24 1841 795 1920; baseline 0.005 -22"><span class='ocrx_word' id='word_1_103' title='bbox 24 1904 26 1911; x_wconf 13' lang='lat' dir='ltr'><strong>q</strong></span> <span class='ocrx_word' id='word_1_104' title='bbox 127 1841 293 1919; x_wconf 87' lang='lat' dir='ltr'><strong>Tristiaque</strong></span> <span class='ocrx_word' id='word_1_105' title='bbox 316 1845 423 1902; x_wconf 87' lang='lat' dir='ltr'><strong>atratis</strong></span> <span class='ocrx_word' id='word_1_106' title='bbox 447 1845 582 1901; x_wconf 86' lang='lat' dir='ltr'><strong>carmina</strong></span> <span class='ocrx_word' id='word_1_107' title='bbox 601 1844 684 1920; x_wconf 86' lang='lat' dir='ltr'><strong>picta</strong></span> <span class='ocrx_word' id='word_1_108' title='bbox 706 1845 795 1903; x_wconf 87' lang='lat' dir='ltr'><strong>uotis.</strong></span> 
     </span>
    </p>

    <p class='ocr_par' dir='ltr' id='par_1_14' title="bbox 24 1923 817 2003">
     <span class='ocr_line' id='line_1_19' title="bbox 24 1923 817 2003; baseline 0.009 -22"><span class='ocrx_word' id='word_1_109' title='bbox 24 1942 26 1995; x_wconf 44' lang='lat'>4</span> <span class='ocrx_word' id='word_1_110' title='bbox 91 1923 124 1982; x_wconf 80' lang='lat' dir='ltr'><strong>Et</strong></span> <span class='ocrx_word' id='word_1_111' title='bbox 140 1927 190 1986; x_wconf 89' lang='lat' dir='ltr'><strong>tibi</strong></span> <span class='ocrx_word' id='word_1_112' title='bbox 213 1948 269 1989; x_wconf 86' lang='lat' dir='ltr'><strong>noc</strong></span> <span class='ocrx_word' id='word_1_113' title='bbox 290 1930 389 1987; x_wconf 84' lang='lat' dir='ltr'><strong>nostri</strong></span> <span class='ocrx_word' id='word_1_114' title='bbox 408 1929 449 1988; x_wconf 91' lang='lat' dir='ltr'><strong>sit</strong></span> <span class='ocrx_word' id='word_1_115' title='bbox 470 1929 585 1986; x_wconf 84' lang='lat' dir='ltr'><strong>funeris</strong></span> <span class='ocrx_word' id='word_1_116' title='bbox 607 1929 713 1987; x_wconf 90' lang='lat' dir='ltr'><strong>ultima</strong></span> <span class='ocrx_word' id='word_1_117' title='bbox 736 1949 817 2003; x_wconf 84' lang='lat' dir='ltr'><strong>cura,</strong></span> 
     </span>
    </p>

    <p class='ocr_par' dir='ltr' id='par_1_15' title="bbox 24 2011 792 2091">
     <span class='ocr_line' id='line_1_20' title="bbox 24 2011 792 2091; baseline 0.007 -24"><span class='ocrx_word' id='word_1_118' title='bbox 24 2014 26 2081; x_wconf 55' lang='lat' dir='ltr'><strong>l</strong></span> <span class='ocrx_word' id='word_1_119' title='bbox 126 2011 270 2072; x_wconf 77' lang='lat' dir='ltr'><strong>Devotum</strong></span> <span class='ocrx_word' id='word_1_120' title='bbox 293 2015 401 2085; x_wconf 86' lang='lat' dir='ltr'><strong>Musis,</strong></span> <span class='ocrx_word' id='word_1_121' title='bbox 424 2014 512 2071; x_wconf 86' lang='lat' dir='ltr'><strong>docte</strong></span> <span class='ocrx_word' id='word_1_122' title='bbox 534 2014 672 2087; x_wconf 82' lang='lat' dir='ltr'><strong>Melisse,</strong></span> <span class='ocrx_word' id='word_1_123' title='bbox 695 2022 792 2091; x_wconf 89' lang='lat' dir='ltr'><strong>caput.</strong></span> 
     </span>
    </p>

    <p class='ocr_par' dir='ltr' id='par_1_16' title="bbox 93 2091 864 2259">
     <span class='ocr_line' id='line_1_21' title="bbox 93 2091 864 2172; baseline 0.004 -18"><span class='ocrx_word' id='word_1_124' title='bbox 93 2091 135 2154; x_wconf 78' lang='lat' dir='ltr'><strong>sic</strong></span> <span class='ocrx_word' id='word_1_125' title='bbox 153 2097 203 2156; x_wconf 90' lang='lat' dir='ltr'><strong>tibi</strong></span> <span class='ocrx_word' id='word_1_126' title='bbox 227 2100 290 2159; x_wconf 92' lang='lat' dir='ltr'><strong>sint</strong></span> <span class='ocrx_word' id='word_1_127' title='bbox 310 2099 417 2157; x_wconf 85' lang='lat' dir='ltr'><strong>faciles</strong></span> <span class='ocrx_word' id='word_1_128' title='bbox 438 2099 583 2157; x_wconf 80' lang='lat' dir='ltr'><strong>Boeotico</strong></span> <span class='ocrx_word' id='word_1_129' title='bbox 601 2100 725 2157; x_wconf 90' lang='lat' dir='ltr'><strong>numina</strong></span> <span class='ocrx_word' id='word_1_130' title='bbox 746 2102 864 2172; x_wconf 86' lang='lat' dir='ltr'><strong>Musae,</strong></span> 
     </span>
     <span class='ocr_line' id='line_1_22' title="bbox 126 2181 785 2259; baseline 0.005 -21"><span class='ocrx_word' id='word_1_131' title='bbox 126 2181 326 2259; x_wconf 81' lang='lat' dir='ltr'><strong>Impediatque</strong></span> <span class='ocrx_word' id='word_1_132' title='bbox 347 2194 414 2241; x_wconf 89' lang='lat' dir='ltr'><strong>tuas</strong></span> <span class='ocrx_word' id='word_1_133' title='bbox 437 2183 540 2242; x_wconf 90' lang='lat' dir='ltr'><strong>laurus</strong></span> <span class='ocrx_word' id='word_1_134' title='bbox 560 2184 651 2242; x_wconf 85' lang='lat' dir='ltr'><strong>odora</strong></span> <span class='ocrx_word' id='word_1_135' title='bbox 670 2203 785 2244; x_wconf 88' lang='lat' dir='ltr'><strong>comas.</strong></span> 
     </span>
    </p>

    <p class='ocr_par' dir='ltr' id='par_1_17' title="bbox 91 2268 839 2346">
     <span class='ocr_line' id='line_1_23' title="bbox 91 2268 839 2346; baseline 0.003 -23"><span class='ocrx_word' id='word_1_136' title='bbox 91 2268 176 2340; x_wconf 81' lang='lat' dir='ltr'><strong>Atque</strong></span> <span class='ocrx_word' id='word_1_137' title='bbox 197 2271 281 2342; x_wconf 85' lang='lat' dir='ltr'><strong>olim,</strong></span> <span class='ocrx_word' id='word_1_138' title='bbox 306 2270 483 2346; x_wconf 87' lang='lat' dir='ltr'><strong>quandoque</strong></span> <span class='ocrx_word' id='word_1_139' title='bbox 505 2270 566 2326; x_wconf 87' lang='lat' dir='ltr'><strong>mei</strong></span> <span class='ocrx_word' id='word_1_140' title='bbox 585 2289 644 2326; x_wconf 91' lang='lat' dir='ltr'><strong>non</strong></span> <span class='ocrx_word' id='word_1_141' title='bbox 665 2269 764 2327; x_wconf 87' lang='lat' dir='ltr'><strong>inscia</strong></span> <span class='ocrx_word' id='word_1_142' title='bbox 784 2269 839 2325; x_wconf 84' lang='lat' dir='ltr'><strong>fati</strong></span> 
     </span>
    </p>

    <p class='ocr_par' dir='ltr' id='par_1_18' title="bbox 24 2350 784 2424">
     <span class='ocr_line' id='line_1_24' title="bbox 24 2350 784 2424; baseline 0.005 -16"><span class='ocrx_word' id='word_1_143' title='bbox 24 2380 25 2395; x_wconf 67' lang='lat'>2</span> <span class='ocrx_word' id='word_1_144' title='bbox 126 2350 222 2412; x_wconf 82' lang='lat' dir='ltr'><strong>Vertat</strong></span> <span class='ocrx_word' id='word_1_145' title='bbox 241 2356 273 2413; x_wconf 89' lang='lat' dir='ltr'><strong>iu</strong></span> <span class='ocrx_word' id='word_1_146' title='bbox 294 2355 445 2412; x_wconf 86' lang='lat' dir='ltr'><strong>auriculas</strong></span> <span class='ocrx_word' id='word_1_147' title='bbox 468 2355 578 2411; x_wconf 87' lang='lat' dir='ltr'><strong>nuncia</strong></span> <span class='ocrx_word' id='word_1_148' title='bbox 599 2354 681 2411; x_wconf 86' lang='lat' dir='ltr'><strong>fama</strong></span> <span class='ocrx_word' id='word_1_149' title='bbox 705 2362 784 2424; x_wconf 73' lang='lat' dir='ltr'><strong>tuas,</strong></span> 
     </span>
    </p>

    <p class='ocr_par' dir='ltr' id='par_1_19' title="bbox 91 2432 861 2514">
     <span class='ocr_line' id='line_1_25' title="bbox 91 2432 861 2514; baseline 0.005 -23"><span class='ocrx_word' id='word_1_150' title='bbox 91 2432 224 2498; x_wconf 87' lang='lat' dir='ltr'><strong>Omnibus</strong></span> <span class='ocrx_word' id='word_1_151' title='bbox 246 2440 363 2498; x_wconf 89' lang='lat' dir='ltr'><strong>indicas</strong></span> <span class='ocrx_word' id='word_1_152' title='bbox 384 2441 434 2496; x_wconf 85' lang='lat' dir='ltr'><strong>fac</strong></span> <span class='ocrx_word' id='word_1_153' title='bbox 454 2439 578 2509; x_wconf 74' lang='lat' dir='ltr'><strong>luctum,</strong></span> <span class='ocrx_word' id='word_1_154' title='bbox 599 2438 718 2509; x_wconf 81' lang='lat' dir='ltr'><strong>Paulis,</strong></span> <span class='ocrx_word' id='word_1_155' title='bbox 744 2437 861 2514; x_wconf 86' lang='lat' dir='ltr'><strong>poetis3</strong></span> 
     </span>
    </p>

    <p class='ocr_par' dir='ltr' id='par_1_20' title="bbox 24 2521 786 2601">
     <span class='ocr_line' id='line_1_26' title="bbox 24 2521 786 2601; baseline 0.001 -22"><span class='ocrx_word' id='word_1_156' title='bbox 24 2592 25 2601; x_wconf 9' lang='grc' dir='ltr'>χ</span> <span class='ocrx_word' id='word_1_157' title='bbox 125 2521 169 2594; x_wconf 82' lang='lat' dir='ltr'><strong>Et,</strong></span> <span class='ocrx_word' id='word_1_158' title='bbox 189 2524 306 2598; x_wconf 78' lang='lat' dir='ltr'><strong>Nostri,</strong></span> <span class='ocrx_word' id='word_1_159' title='bbox 332 2524 425 2596; x_wconf 83' lang='lat' dir='ltr'><strong>dices,</strong></span> <span class='ocrx_word' id='word_1_160' title='bbox 447 2542 519 2600; x_wconf 87' lang='lat' dir='ltr'><strong>pars</strong></span> <span class='ocrx_word' id='word_1_161' title='bbox 542 2523 599 2580; x_wconf 88' lang='lat' dir='ltr'><strong>fuit</strong></span> <span class='ocrx_word' id='word_1_162' title='bbox 618 2522 671 2581; x_wconf 89' lang='lat' dir='ltr'><strong>ille</strong></span> <span class='ocrx_word' id='word_1_163' title='bbox 692 2524 786 2581; x_wconf 88' lang='lat' dir='ltr'><strong>chori.</strong></span> 
     </span>
    </p>

    <p class='ocr_par' dir='ltr' id='par_1_21' title="bbox 24 2600 925 2683">
     <span class='ocr_line' id='line_1_27' title="bbox 24 2600 925 2683; baseline 0.002 -22"><span class='ocrx_word' id='word_1_164' title='bbox 24 2616 25 2635; x_wconf 66' lang='lat'>¹</span> <span class='ocrx_word' id='word_1_165' title='bbox 92 2600 134 2662; x_wconf 88' lang='lat' dir='ltr'><strong>Sic</strong></span> <span class='ocrx_word' id='word_1_166' title='bbox 153 2609 243 2683; x_wconf 83' lang='lat' dir='ltr'><strong>dices,</strong></span> <span class='ocrx_word' id='word_1_167' title='bbox 268 2611 444 2683; x_wconf 86' lang='lat' dir='ltr'><strong>tumuloque</strong></span> <span class='ocrx_word' id='word_1_168' title='bbox 467 2608 554 2667; x_wconf 84' lang='lat' dir='ltr'><strong>dabis</strong></span> <span class='ocrx_word' id='word_1_169' title='bbox 576 2617 629 2664; x_wconf 91' lang='lat' dir='ltr'><strong>tua</strong></span> <span class='ocrx_word' id='word_1_170' title='bbox 651 2609 785 2677; x_wconf 79' lang='lat' dir='ltr'><strong>carmina</strong></span> <span class='ocrx_word' id='word_1_171' title='bbox 807 2613 925 2676; x_wconf 82' lang='lat' dir='ltr'><strong>nostr03</strong></span> 
     </span>
    </p>

    <p class='ocr_par' dir='ltr' id='par_1_22' title="bbox 126 2689 825 2771">
     <span class='ocr_line' id='line_1_28' title="bbox 126 2689 825 2771; baseline 0 -22"><span class='ocrx_word' id='word_1_172' title='bbox 126 2689 372 2771; x_wconf 83' lang='lat' dir='ltr'><strong>Carminibusque</strong></span> <span class='ocrx_word' id='word_1_173' title='bbox 392 2694 454 2752; x_wconf 87' lang='lat' dir='ltr'><strong>tuis</strong></span> <span class='ocrx_word' id='word_1_174' title='bbox 477 2693 611 2751; x_wconf 90' lang='lat' dir='ltr'><strong>carmina</strong></span> <span class='ocrx_word' id='word_1_175' title='bbox 630 2694 722 2771; x_wconf 81' lang='lat' dir='ltr'><strong>iunge</strong></span> <span class='ocrx_word' id='word_1_176' title='bbox 742 2710 825 2750; x_wconf 77' lang='lat' dir='ltr'><strong>mear</strong></span> 
     </span>
    </p>

    <p class='ocr_par' dir='ltr' id='par_1_23' title="bbox 24 2771 987 2854">
     <span class='ocr_line' id='line_1_29' title="bbox 24 2771 987 2854; baseline 0.004 -27"><span class='ocrx_word' id='word_1_177' title='bbox 24 2818 25 2827; x_wconf 44' lang='lat'>2</span> <span class='ocrx_word' id='word_1_178' title='bbox 90 2771 156 2835; x_wconf 87' lang='lat' dir='ltr'><strong>Heio</strong></span> <span class='ocrx_word' id='word_1_179' title='bbox 174 2781 249 2838; x_wconf 88' lang='lat' dir='ltr'><strong>situs</strong></span> <span class='ocrx_word' id='word_1_180' title='bbox 270 2790 328 2853; x_wconf 81' lang='lat' dir='ltr'><strong>est,</strong></span> <span class='ocrx_word' id='word_1_181' title='bbox 350 2780 401 2854; x_wconf 86' lang='lat' dir='ltr'><strong>qui</strong></span> <span class='ocrx_word' id='word_1_182' title='bbox 420 2797 476 2836; x_wconf 89' lang='lat' dir='ltr'><strong>nec</strong></span> <span class='ocrx_word' id='word_1_183' title='bbox 497 2780 585 2850; x_wconf 77' lang='lat' dir='ltr'><strong>vixit,</strong></span> <span class='ocrx_word' id='word_1_184' title='bbox 603 2797 659 2836; x_wconf 89' lang='lat' dir='ltr'><strong>nec</strong></span> <span class='ocrx_word' id='word_1_185' title='bbox 680 2787 814 2836; x_wconf 88' lang='lat' dir='ltr'><strong>mortuus</strong></span> <span class='ocrx_word' id='word_1_186' title='bbox 837 2776 915 2833; x_wconf 16' lang='lat' dir='ltr'><strong>olim*</strong></span> <span class='ocrx_word' id='word_1_187' title='bbox 928 2781 987 2846; x_wconf 82' lang='lat' dir='ltr'><strong>est,</strong></span> 
     </span>
    </p>

    <p class='ocr_par' dir='ltr' id='par_1_24' title="bbox 125 2860 790 3026">
     <span class='ocr_line' id='line_1_30' title="bbox 125 2860 790 2934; baseline 0.003 -16"><span class='ocrx_word' id='word_1_188' title='bbox 125 2860 197 2921; x_wconf 83' lang='lat' dir='ltr'><strong>Nam</strong></span> <span class='ocrx_word' id='word_1_189' title='bbox 218 2885 303 2923; x_wconf 87' lang='lat' dir='ltr'><strong>mors</strong></span> <span class='ocrx_word' id='word_1_190' title='bbox 327 2866 397 2923; x_wconf 88' lang='lat' dir='ltr'><strong>viva</strong></span> <span class='ocrx_word' id='word_1_191' title='bbox 416 2864 479 2934; x_wconf 82' lang='lat' dir='ltr'><strong>illi3</strong></span> <span class='ocrx_word' id='word_1_192' title='bbox 502 2873 617 2921; x_wconf 90' lang='lat' dir='ltr'><strong>mortua</strong></span> <span class='ocrx_word' id='word_1_193' title='bbox 640 2864 702 2921; x_wconf 87' lang='lat' dir='ltr'><strong>vita</strong></span> <span class='ocrx_word' id='word_1_194' title='bbox 724 2864 790 2920; x_wconf 83' lang='lat' dir='ltr'><strong>fuit.</strong></span> 
     </span>
     <span class='ocr_line' id='line_1_31' title="bbox 161 2957 784 3026; baseline 0.002 -18"><span class='ocrx_word' id='word_1_195' title='bbox 161 2957 266 3026; x_wconf 79' lang='lat' dir='ltr'><strong>Scripsit</strong></span> <span class='ocrx_word' id='word_1_196' title='bbox 283 2975 367 3023; x_wconf 81' lang='lat' dir='ltr'><strong>aeger,</strong></span> <span class='ocrx_word' id='word_1_197' title='bbox 385 2968 411 3010; x_wconf 89' lang='lat' dir='ltr'><strong>et</strong></span> <span class='ocrx_word' id='word_1_198' title='bbox 427 2961 549 3008; x_wconf 84' lang='lat' dir='ltr'><strong>laborans</strong></span> <span class='ocrx_word' id='word_1_199' title='bbox 566 2960 631 3008; x_wconf 84' lang='lat' dir='ltr'><strong>febri</strong></span> <span class='ocrx_word' id='word_1_200' title='bbox 650 2965 784 3022; x_wconf 82' lang='lat' dir='ltr'><strong>quartana.</strong></span> 
     </span>
    </p>
   </div>
   <div class='ocr_carea' id='block_1_3' title="bbox 24 3111 861 3615">
    <p class='ocr_par' dir='ltr' id='par_1_25' title="bbox 24 3111 861 3615">
     <span class='ocr_line' id='line_1_32' title="bbox 24 3111 861 3190; baseline -0.01 -11"><span class='ocrx_word' id='word_1_201' title='bbox 24 3168 25 3179; x_wconf 67' lang='grc'>,</span> <span class='ocrx_word' id='word_1_202' title='bbox 213 3118 264 3175; x_wconf 83' lang='grc'><strong>31,</strong></span> <span class='ocrx_word' id='word_1_203' title='bbox 308 3119 347 3173; x_wconf 83' lang='lat' dir='ltr'><strong>Ia</strong></span> <span class='ocrx_word' id='word_1_204' title='bbox 371 3116 485 3173; x_wconf 82' lang='lat' dir='ltr'><strong>Olorem</strong></span> <span class='ocrx_word' id='word_1_205' title='bbox 504 3118 659 3190; x_wconf 81' lang='lat' dir='ltr'><strong>insipaiom</strong></span> <span class='ocrx_word' id='word_1_206' title='bbox 681 3112 716 3169; x_wconf 90' lang='lat' dir='ltr'><strong>P.</strong></span> <span class='ocrx_word' id='word_1_207' title='bbox 739 3111 861 3171; x_wconf 71' lang='lat' dir='ltr'><strong>Melissi.</strong></span> 
     </span>
     <span class='ocr_line' id='line_1_33' title="bbox 24 3184 851 3278; baseline -0.007 -21"><span class='ocrx_word' id='word_1_208' title='bbox 24 3184 25 3235; x_wconf 56' lang='lat'>3</span> <span class='ocrx_word' id='word_1_209' title='bbox 90 3190 219 3272; x_wconf 77' lang='lat' dir='ltr'><strong>Quisquis</strong></span> <span class='ocrx_word' id='word_1_210' title='bbox 241 3203 324 3278; x_wconf 89' lang='lat' dir='ltr'><strong>picta</strong></span> <span class='ocrx_word' id='word_1_211' title='bbox 344 3201 404 3258; x_wconf 87' lang='lat' dir='ltr'><strong>mei</strong></span> <span class='ocrx_word' id='word_1_212' title='bbox 426 3199 503 3276; x_wconf 83' lang='lat' dir='ltr'><strong>legis</strong></span> <span class='ocrx_word' id='word_1_213' title='bbox 526 3205 705 3275; x_wconf 84' lang='lat' dir='ltr'><strong>argumenta</strong></span> <span class='ocrx_word' id='word_1_214' title='bbox 721 3194 851 3266; x_wconf 81' lang='lat' dir='ltr'><strong>Melissi,</strong></span> 
     </span>
     <span class='ocr_line' id='line_1_34' title="bbox 24 3274 736 3358; baseline -0.01 -15"><span class='ocrx_word' id='word_1_215' title='bbox 24 3274 25 3287; x_wconf 43' lang='lat'>¹</span> <span class='ocrx_word' id='word_1_216' title='bbox 125 3280 191 3358; x_wconf 89' lang='lat' dir='ltr'><strong>lpsa</strong></span> <span class='ocrx_word' id='word_1_217' title='bbox 210 3288 274 3344; x_wconf 90' lang='lat' dir='ltr'><strong>suis</strong></span> <span class='ocrx_word' id='word_1_218' title='bbox 296 3286 385 3343; x_wconf 89' lang='lat' dir='ltr'><strong>etiam</strong></span> <span class='ocrx_word' id='word_1_219' title='bbox 408 3285 491 3342; x_wconf 89' lang='lat' dir='ltr'><strong>disce</strong></span> <span class='ocrx_word' id='word_1_220' title='bbox 511 3285 626 3342; x_wconf 86' lang='lat' dir='ltr'><strong>referre</strong></span> <span class='ocrx_word' id='word_1_221' title='bbox 645 3281 736 3340; x_wconf 89' lang='lat' dir='ltr'><strong>notis.</strong></span> 
     </span>
     <span class='ocr_line' id='line_1_35' title="bbox 89 3361 838 3447; baseline -0.005 -24"><span class='ocrx_word' id='word_1_222' title='bbox 89 3361 270 3430; x_wconf 80' lang='lat' dir='ltr'><strong>Flexanimas</strong></span> <span class='ocrx_word' id='word_1_223' title='bbox 291 3390 380 3429; x_wconf 85' lang='lat' dir='ltr'><strong>voces</strong></span> <span class='ocrx_word' id='word_1_224' title='bbox 405 3370 515 3447; x_wconf 74' lang='lat' dir='ltr'><strong>signat,</strong></span> <span class='ocrx_word' id='word_1_225' title='bbox 545 3378 710 3439; x_wconf 86' lang='lat' dir='ltr'><strong>cantusque</strong></span> <span class='ocrx_word' id='word_1_226' title='bbox 731 3372 838 3440; x_wconf 82' lang='lat' dir='ltr'><strong>poetae</strong></span> 
     </span>
     <span class='ocr_line' id='line_1_36' title="bbox 125 3450 860 3531; baseline -0.003 -23"><span class='ocrx_word' id='word_1_227' title='bbox 125 3450 255 3516; x_wconf 86' lang='lat' dir='ltr'><strong>Blandus</strong></span> <span class='ocrx_word' id='word_1_228' title='bbox 277 3455 350 3528; x_wconf 80' lang='lat' dir='ltr'><strong>olor,</strong></span> <span class='ocrx_word' id='word_1_229' title='bbox 374 3454 455 3513; x_wconf 84' lang='lat' dir='ltr'><strong>dulci</strong></span> <span class='ocrx_word' id='word_1_230' title='bbox 476 3461 595 3531; x_wconf 82' lang='lat' dir='ltr'><strong>gutture</strong></span> <span class='ocrx_word' id='word_1_231' title='bbox 618 3467 741 3508; x_wconf 88' lang='lat' dir='ltr'><strong>carmen</strong></span> <span class='ocrx_word' id='word_1_232' title='bbox 762 3450 860 3508; x_wconf 72' lang='lat' dir='ltr'><strong>hians</strong></span> 
     </span>
     <span class='ocr_line' id='line_1_37' title="bbox 89 3532 794 3615; baseline 0.003 -24"><span class='ocrx_word' id='word_1_233' title='bbox 89 3532 163 3595; x_wconf 86' lang='lat' dir='ltr'><strong>Idem</strong></span> <span class='ocrx_word' id='word_1_234' title='bbox 185 3542 273 3599; x_wconf 84' lang='lat' dir='ltr'><strong>etiam</strong></span> <span class='ocrx_word' id='word_1_235' title='bbox 298 3541 394 3600; x_wconf 78' lang='lat' dir='ltr'><strong>niveis</strong></span> <span class='ocrx_word' id='word_1_236' title='bbox 415 3541 519 3615; x_wconf 89' lang='lat' dir='ltr'><strong>passis</strong></span> <span class='ocrx_word' id='word_1_237' title='bbox 542 3542 704 3614; x_wconf 81' lang='lat' dir='ltr'><strong>argenteus</strong></span> <span class='ocrx_word' id='word_1_238' title='bbox 726 3533 794 3605; x_wconf 89' lang='lat' dir='ltr'><strong>alis,</strong></span> 
     </span>
    </p>
   </div>
   <div class='ocr_carea' id='block_1_4' title="bbox 766 3633 785 3691">
    <p class='ocr_par' dir='ltr' id='par_1_26' title="bbox 766 3633 785 3691">
     <span class='ocr_line' id='line_1_38' title="bbox 766 3633 785 3691; baseline 0 0"><span class='ocrx_word' id='word_1_239' title='bbox 766 3633 785 3691; x_wconf 84' lang='lat'>3</span> 
     </span>
    </p>
   </div>
   <div class='ocr_carea' id='block_1_5' title="bbox 0 0 1270 4216">
    <p class='ocr_par' dir='ltr' id='par_1_27' title="bbox 0 0 1270 4216">
     <span class='ocr_line' id='line_1_39' title="bbox 0 0 1270 4216; baseline 0 1"><span class='ocrx_word' id='word_1_240' title='bbox 0 0 1270 4216; x_wconf 95' lang='lat' dir='ltr'><strong> </strong></span> 
     </span>
    </p>
   </div>
  </div>
 </body>
</html>
