2502 4218
456 448 607 459 ----.

5 554 6 567 ¹
105 519 146 584 Ὦ
169 523 247 586 πόσι
269 524 403 607 ἐκμήνας
426 526 540 609 τούμὸν
569 528 660 612 ἔρωτι
679 529 765 613 κέαρ.

74 602 134 669 Νῦν
156 608 187 669 δ’
204 604 223 670 ὃ
242 607 345 676 θέλεις
435 609 510 694 ἄνερ
530 610 670 694 ἔσσομαι.
692 615 757 677 ἀντὶ
780 616 935 701 δάμαρτος
954 614 988 679 δ”

1 785 2 796 ¹
112 690 190 754 Afua
215 692 327 762 θέλεις.
353 693 389 756 σὺ
414 695 443 756 δ’
467 696 550 764 ὅλως
572 696 634 759 ἴσθι
654 720 706 779 μοι
728 700 792 761 ἀντὶ
814 701 892 785 βίου.

369 943 488 1022 lllllll
513 945 691 1024 lllllllllfl.
794 988 799 999 ,

414 1117 439 1171 1.
473 1114 656 1191 Superstitio.

73 1193 239 1271 Postquam
262 1199 388 1257 suborta
408 1200 565 1258 criminum
589 1200 713 1258 licentia

74 1279 234 1340 Labefecit
255 1283 354 1340 almae
374 1284 518 1344 Veritatis
541 1285 674 1357 moenia,
718 1322 721 1329 -

44 1409 45 1412 ,
73 1362 158 1436 Quae
180 1386 291 1425 numen
310 1368 412 1444 ipsum
434 1369 572 1429 condidit,
589 1371 683 1429 verbo
707 1387 778 1430 suo:

73 1447 182 1509 Palam
200 1451 367 1530 imperatus
390 1463 420 1510 et
440 1463 579 1530 recaptus
602 1455 720 1532 legibus

73 1535 231 1613 Augustus
255 1557 350 1611 error,
374 1548 540 1616 sanctaque
560 1540 734 1617 ignorantia

75 1617 213 1680 Defensa
233 1623 382 1699 paulatim
404 1620 609 1701 impudentiae
629 1625 765 1697 ausibus,

74 1702 139 1763 Usu
159 1714 291 1784 tyranno
313 1716 402 1766 nacta
425 1711 484 1769 vim
506 1709 653 1768 scientiae

75 1787 242 1853 Hominum
264 1792 390 1869 supinae
413 1794 613 1853 conscientias
636 1794 712 1870 ligat

74 1873 191 1935 Vocum
214 1878 368 1951 numellis,
392 1880 530 1938 cassibus
551 1879 782 1955 sophismatum.

75 1958 230 2021 Iniuriosa
253 1962 360 2021 deinde
381 1965 482 2041 pietas
503 1963 533 2021 in
553 1964 663 2033 Deum,

78 2043 173 2119 Quem
193 2048 301 2105 metuit
318 2049 455 2122 horrens,
475 2057 505 2107 et
525 2049 686 2124 profanans
707 2066 796 2124 quem
818 2049 902 2108 colit:

77 2127 164 2206 Tum,
187 2151 266 2208 quae
287 2132 437 2211 imperitis
457 2135 522 2194 sola
541 2135 714 2193 velamenta
734 2141 815 2207 sunt,

76 2213 158 2275 Falsi
178 2226 327 2291 vetustas,
350 2227 439 2294 atque
461 2219 567 2295 culpae
586 2219 763 2291 auctoritas,
820 2222 822 2231 ⁴

76 2298 303 2361 Leuocinantur
325 2303 434 2362 mentis
458 2324 567 2382 aegrae
591 2305 727 2376 somniis,

77 2384 114 2444 Iit
133 2388 196 2445 iam
217 2388 341 2446 labante
364 2389 481 2467 pariete
501 2389 650 2448 inclinant
671 2388 781 2465 magis,

77 2468 194 2530 Stultae
215 2470 336 2533 Suadae
359 2474 517 2552 splendide
538 2474 635 2532 fallax
661 2492 754 2545 amor,

77 2554 171 2617 Vanis
192 2559 225 2615 in
246 2558 355 2617 animis
377 2560 428 2634 qui
446 2555 696 2634 cuniculosagit,

77 2639 117 2700 Ut
138 2643 284 2702 Veritatis
303 2645 428 2703 subruat
449 2644 662 2715 constantiam,

78 2724 155 2786 Tum
175 2728 294 2787 fortuiti
315 2730 386 2787 ficta
407 2731 552 2789 maiestas
574 2729 664 2801 sacri,

75 2810 187 2871 Frandi
210 2813 346 2873 colorem
366 2814 715 2874 castimoniaeillinunt.

75 2895 130 2958 Est
154 2916 276 2975 semper
297 2899 514 2975 aliquidyqnod
533 2900 626 2958 refert
645 2900 796 2958 mendacii

75 2981 110 3041 In
131 2983 301 3045 claritatem
325 2984 416 3043 dubia
437 2985 597 3044 stultorum
619 2985 704 3043 fides.

299 3202 302 3207 .
347 3155 376 3212 2.
415 3154 506 3212 Amor
522 3154 717 3215 monachatus.

76 3235 110 3298 Si
130 3237 253 3296 laudem
277 3239 308 3295 in
331 3239 433 3297 animo
458 3241 566 3299 statuis
590 3257 660 3297 esse
683 3239 860 3310 maximam,

75 3320 200 3382 Servire
221 3323 340 3400 patriae
361 3323 551 3403 publicisque
574 3323 754 3394 commodis,

75 3405 148 3467 Sive
174 3409 205 3466 in
227 3406 354 3481 Senatu,
380 3409 444 3468 eive
465 3409 496 3466 in
518 3409 589 3466 aula
610 3408 764 3484 Principia

74 3491 121 3550 Te
142 3493 207 3552 vita
228 3512 352 3571 semper
369 3502 496 3553 actuosa
518 3494 664 3565 exercuit,

73 3576 168 3638 Domi
187 3580 322 3651 beatum,
344 3578 513 3656 gloriosum
533 3579 669 3656 publice:
