2604 4210
522 355 673 451 ῥα]-

405 523 555 585 Saliorum
575 527 716 601 rugulusu,
740 535 793 585 ua
1010 524 1052 585 32

141 608 299 685 Aoricrepi
316 607 404 681 Salii,
430 610 540 667 ancilia
560 611 667 669 Martis
688 611 845 682 habentes,

141 694 244 767 Aeris,
268 701 299 753 et
320 701 429 767 terrac,
451 701 482 752 et
502 696 594 756 maris
616 695 766 773 indigetes
787 694 933 771 opulenti,

142 779 304 839 Terrarum
325 778 415 851 tituli,
436 780 581 856 genitalia
599 781 715 839 semina
734 778 847 852 mundi,
883 806 886 811 ·

142 863 263 940 Quique
285 862 502 929 Samothracen
523 865 694 924 habitacula
712 883 800 927 sacra
819 864 968 937 colentes,

141 947 274 1008 Casibus
299 948 432 1008 eximitis
452 969 508 1026 per
529 950 649 1009 caerula
667 950 869 1011 velificantes:

140 1034 208 1094 Vos
229 1034 319 1111 primi
339 1053 456 1094 sacrum
479 1035 655 1095 mortalibus
676 1034 862 1107 instituistis,

141 1119 268 1178 Aeterni
288 1117 495 1181 solitaurilia
515 1121 622 1181 Martis
645 1121 807 1209 habentes:

142 1204 298 1264 Oceanum
318 1205 453 1279 quatitis,
474 1205 597 1280 quatitis
618 1225 712 1278 mare,
732 1206 897 1279 roboraque
918 1202 991 1263 alta.

140 1288 260 1349 Terrae
278 1289 460 1349 insultantes
480 1291 612 1366 pedibus
631 1289 777 1368 strepitis,
799 1289 959 1348 rutilantes

140 1372 289 1433 Gentibus
312 1394 411 1435 arma:
434 1383 564 1435 tremunt
582 1375 748 1437 animantia
766 1375 849 1435 secla
868 1374 1010 1444 ferarum,

141 1459 183 1517 Et
202 1459 301 1536 fragor
323 1467 354 1517 et
373 1460 510 1519 fremitus
530 1461 690 1539 pervolgat
710 1460 831 1519 caerula
850 1459 938 1518 cosli.

140 1545 182 1604 Et
201 1543 389 1622 glomerante
410 1545 520 1620 pedum
541 1547 640 1605 sonitu
662 1554 743 1605 stant
765 1546 889 1622 pulvere
910 1544 1019 1613 nubes,

143 1629 184 1687 Et
206 1629 311 1688 florum
332 1631 454 1706 species
476 1631 657 1689 viridantum
679 1649 775 1688 verna
794 1628 933 1706 patescit.

140 1713 267 1773 Aeterni
289 1714 383 1791 genii,
406 1723 495 1789 atque
514 1715 605 1774 Ioves
627 1724 658 1773 et
675 1714 818 1775 Vaeiovc’
839 1712 958 1788 quando

141 1799 243 1857 Torva
264 1798 424 1857 inimiciter
444 1808 602 1859 occurrunt
623 1799 800 1859 mortalibus
822 1799 879 1871 ira,

141 1882 306 1943 Vastantes
328 1884 499 1961 victumque
518 1892 548 1942 et
566 1904 654 1961 opes,
674 1885 822 1961 ipsosque
841 1888 998 1941 nocentes.

140 1968 217 2026 Inde
238 1968 301 2027 loci
324 1988 434 2047 magno
458 1971 651 2029 crebrescunt
671 1988 823 2029 murmura
843 1975 952 2044 ponto,

139 2051 287 2130 Stirpitus
310 2062 340 2111 et
362 2073 490 2130 quercus
516 2056 715 2131 procumbunt
739 2073 872 2131 aequore
895 2052 1005 2131 campi,

140 2137 319 2197 Parmarum
340 2139 421 2197 flictu
441 2140 575 2199 caelesti’
595 2140 725 2199 resultat
746 2141 858 2218 imago.

141 2222 171 2284 Ο
196 2221 284 2297 Salii,
305 2231 395 2299 atque
413 2233 502 2301 potes
521 2224 716 2297 Salisubsuli,
734 2226 962 2302 induperantes,

141 2306 309 2386 Indigetes,
330 2307 543 2382 Samothracii,
567 2318 596 2369 ct
614 2310 727 2368 incluta
747 2305 857 2369 Diiovi’
880 2307 1002 2385 proles-r

141 2394 269 2452 Aeterni
289 2394 392 2468 flatus,
414 2395 572 2467 animales,
595 2395 785 2466 auriformes,

142 2478 262 2554 Quique
287 2480 375 2536 etiam
398 2479 510 2556 gemini
531 2498 586 2554 per
607 2479 684 2536 caeli
706 2478 820 2554 templa
838 2476 956 2549 cluetis,

140 2560 314 2641 spirantes,
338 2563 417 2636 sudi,
438 2564 587 2640 mitesque
610 2563 828 2637 salutiferiquc,

142 2648 309 2726 Temperii,
331 2648 484 2722 Autumni,
505 2647 589 2720 Divi,
613 2647 807 2721 medioxumi,
830 2646 940 2705 anheli.

305 2776 311 2797 l

294 2819 366 2876 Divi
390 2821 459 2878 [uui
478 2818 653 2879 Lucumonis
673 2818 814 2892 suffimen,
838 2825 892 2875 tus.
1012 2815 1053 2875 38

141 2901 388 2978 Induperatorem
409 2923 551 2981 magnum
571 2902 690 2963 telluris
714 2901 817 2974 adoro,

142 2987 338 3063 Invisumque
358 2988 478 3061 Inuum,
499 2989 689 3064 felicemque,
713 2994 802 3062 atque
823 2984 991 3058 Quirinum,

141 3070 328 3131 Nocturnum
347 3073 563 3146 Lucumonem,
590 3073 706 3133 obicem
726 3070 874 3131 larvatilis
896 3069 1031 3140 umbrae,

142 3157 291 3215 Terriculi
314 3158 474 3217 auxiliumz
493 3159 673 3234 desertaque
693 3157 967 3219 concelebrantem.

141 3243 299 3315 lucabum,
321 3244 395 3303 item
415 3244 567 3320 geminum
583 3243 776 3315 Volturnum,
795 3239 1053 3313 multivolumque,

143 3325 458 3405 Sanguineum,atque
472 3328 626 3402 utriusque
637 3335 792 3389 cruentum
799 3327 925 3387 vulnere
933 3324 1052 3385 fratris:

141 3411 276 3471 Numine
299 3415 350 3488 qui
367 3412 487 3475 Cereris
508 3412 630 3473 mutasti
653 3431 763 3489 corpus
784 3429 959 3483 amoenum,

144 3497 310 3558 Terrificae
332 3507 471 3558 excetrae
492 3497 650 3556 insinuans
673 3498 825 3573 serpentia
846 3496 991 3568 membra,

143 3581 222 3641 Vota
242 3583 351 3643 lubens
373 3584 453 3658 audi,
475 3600 677 3658 creperosque
699 3589 800 3640 averte
826 3582 959 3653 timores,
