2502 4218
651 356 804 454 —HL

270 519 309 587 Εἰ
331 520 372 605 μὴ
397 520 503 583 δύναιο
525 521 610 606 βοῦν,
633 518 743 584 έλαυν’
766 520 852 603 όμυις
870 515 951 582 ύνον.

270 603 310 671 Εἰ
332 604 373 688 μή
398 605 542 689 φυλάξεις
562 605 601 667 τὰ
623 606 704 690 μίκρ’
728 607 855 672 ἀπολεῖς
874 601 911 665 τὰ
939 602 1074 685 μείζονα.

271 687 310 755 Εἰ
330 689 420 772 τυρὸν
444 687 542 774 εἶχον,
567 688 624 752 οὐκ
646 689 682 753 άν
703 689 781 774 ὄψον
805 685 991 751 ἐπεπόθουν.

271 771 413 839 Εἴδωλον
438 771 536 858 ἔργων
559 773 638 836 ἐστὶν
661 774 828 857 ἀνθρώπου
851 770 951 853 λόγος.

271 855 400 942 Εἴληφα
424 857 618 942 τυρόκνηστιν
643 858 814 926 ἀπωλεκὼς
833 855 936 920 πόλιν.

272 939 326 1011 Εἰς
349 941 556 1011 ἀσθενοῦντας
578 942 718 1005 ἀσθενῶν
743 941 892 1025 ἐλήλυθα.

272 1024 326 1095 Εἰς
349 1026 470 1090 δεῖπνον
495 1026 592 1110 ἄνδρα
613 1028 665 1090 τδν
691 1024 866 1111 Κυρηναῖον
886 1026 1000 1092 καλεῖς.

272 1109 327 1179 Εἰς
349 1110 445 1193 όλμον
469 1111 552 1194 ύδονρ
575 1110 686 1196 ἐγχέας
705 1112 850 1196 πλήττεις
865 1106 959 1195 ἔχων.

272 1193 328 1262 Εἰς
348 1193 402 1263 τὰς
425 1195 580 1279 μαχαίρας
600 1195 794 1280 ἠκονημένας
814 1197 929 1259 πεσών.

272 1277 327 1347 Είς
346 1277 400 1345 τὰς
423 1279 562 1361 μελίττας
584 1279 691 1364 ἀγρίοις
712 1280 886 1362 ἐκώμασας.

272 1361 328 1430 Εἰς
348 1361 402 1429 τὰς
422 1364 542 1446 ὁμοίας,
564 1365 645 1447 φιλο,
669 1364 767 1449 λαβὰς
791 1363 954 1448 ἐλήλυθας.

268 1443 326 1510 Ἐκ
348 1448 462 1514 παντὸς
477 1443 597 1531 ιΕρμῆς
616 1448 653 1510 ού
675 1449 820 1532 γενηθείη
843 1447 946 1518 ξύλου.

272 1528 328 1594 Ἐκ
349 1534 404 1593 τού
429 1530 503 1615 βοὸς
524 1533 574 1594 δεῖ
591 1532 664 1602 τοὺς
686 1535 813 1616 ἱμάντας
836 1533 1014 1618 λαμβάνειν.

272 1611 328 1678 Ἐκ
350 1618 405 1677 τού
429 1617 445 1679 ό
468 1621 503 1701 ᾄν
525 1616 582 1700 γὰρ
605 1617 695 1699 γίνετ’
721 1618 897 1702 ἀνθρώποις
919 1617 1002 1702 έρᾷν.

267 1696 420 1768 Ἕκαστος
437 1639 527 1785 ήμῶν
551 1701 587 1764 ού
610 1702 733 1786 γέγονεν
758 1704 842 1787 αύτῷ
863 1701 966 1783 μόνον.

270 1782 359 1849 Ἐκεῖ
380 1784 541 1867 βλέπουσα
565 1785 651 1870 δεῦρ’
676 1788 754 1851 σἰνίει
775 1786 802 1849 τ’
828 1786 941 1868 ἀγαθὰ.

266 1866 599 1952 ἝκητιΣυλοσῶντος
620 1870 779 1957 εύρυχωρί
799 1917 808 1936 .

269 1950 389 2036 Ἐκυψε
413 1959 485 2035 σιγ”
503 1958 636 2037 πρῶτον,
662 1958 761 2038 ὥςπερ
786 1952 939 2087 Τήλεφος.

273 2033 447 2119 Ἐλευθέρα
500 2036 625 2122 όρκυρα.
650 2039 719 2124 χέζ’
746 2040 825 2103 όπου
843 2039 955 2109 θ.λεις.

271 2120 363 2203 Ἐμοὶ
385 2120 420 2182 δὲ
442 2123 523 2205 λῷον
547 2123 623 2206 αίμοι
645 2124 787 2208 ταύρειον
810 2128 900 2187 πιεῖν.

270 2204 364 2286 Ἐμοὶ
385 2206 513 2288 μελήσει
532 2211 628 2271 ταῦτα
647 2209 698 2271 καὶ
718 2212 843 2276 λευκαῖς
863 2207 979 2292 κόραις.
1012 2218 1020 2242 ³

272 2289 372 2370 Ἐμοῦ
396 2289 545 2358 θανόντος
562 2297 636 2374 γαῖα
658 2317 691 2376 μι
713 2294 799 2377 θήτιυ
821 2293 904 2377 πυρί.

270 2372 423 2456 Ἔμπορε,
443 2376 666 2440 κατάπλευσον.
686 2317 804 2448 έθελού.
826 2378 1025 2461 πεπράσεται.

274 2456 327 2523 Ἐν
348 2456 417 2541 ἀέρι
438 2482 471 2522 τε
491 2461 542 2523 καὶ
563 2461 667 2545 δρόσῳ
691 2464 878 2546 σιτούμενος.

275 2540 327 2608 Ἐν
349 2548 391 2627 γή
413 2542 563 2607 πένεσθαι
586 2550 714 2629 μᾶλλον,
736 2549 756 2631 ή
780 2548 973 2609 πλουτοῦντα
994 2548 1092 2611 πλεῖν.

275 2624 327 2691 Ἐν
351 2628 434 2690 νυκτὶ
451 2630 548 2714 βουλή
572 2635 636 2700 τοῖς
662 2637 786 2716 σοφοῖσι
806 2632 928 2713 γίνεται.
960 2655 963 2660 ·

268 2709 327 2775 Ἓν
351 2712 401 2774 δεῖ
421 2713 451 2772 σ’
469 2712 597 2778 ἑλέσθαι
613 2721 673 2779 τιῖιν
694 2721 784 2801 τριιῖον
808 2714 1021 2799 Θηραμένους.

276 2793 328 2861 Ἐν
351 2797 433 2860 νυκτὶ
455 2799 606 2882 λαμπρός,
627 2801 658 2863 ἐν
683 2802 757 2885 φάει
781 2799 812 2864 δ’
836 2799 1010 2906 ἀνωφελὴς.

275 2878 328 2946 Ἐν
352 2882 442 2944 παντὶ
466 2881 555 2964 μύθου
575 2886 678 2949 καὶτὸ
699 2886 857 2948 Δαιδάλου
881 2902 991 2966 μυσος.’
1082 2930 1086 2941 .

275 2963 329 3030 Ἐν
351 2968 517 3072 πλησμονή
539 2944 573 3030 δὲ
592 2966 719 3052 Κύπρις,
742 2969 774 3032 ἐν
795 2972 923 3032 πεινῶσι
943 2968 972 3031 δ’
990 2966 1039 3030 ού.

276 3047 329 3114 Ἔν
352 3054 415 3118 τοῖς
435 3052 584 3133 ἀμουσοις
606 3055 658 3116 καὶ
674 3051 817 3137 Κόρυδος
837 3052 1013 3139 φθέγγεται.

261 3132 329 3199 ·Ἐν
351 3139 416 3204 τοῖς
437 3138 574 3206 κολοιοῖς
601 3138 642 3221 μή
668 3137 803 3220 ἀρίστευ’
825 3137 924 3206 ἀετός.

276 3217 329 3284 Ἐν
352 3225 397 3305 τηῖ
419 3219 506 3304 μέρει
528 3222 571 3291 τὶς
589 3223 641 3284 καὶ
663 3223 697 3285 τδ
721 3228 783 3308 πύρ
800 3222 1011 3286 σκαλευσάτιο.

276 3300 329 3367 Ἐν
353 3310 399 3390 τῷ
419 3305 502 3389 πίθῳ
518 3310 571 3388 τήν
591 3307 759 3390 κεραμικήν
782 3308 977 3389 διδάσκομαι.

272 3385 405 3453 Ἔνεισιν
430 3390 461 3452 ἐν
487 3390 616 3453 δειλοῖσι
639 3388 804 3475 κάνανδροι
825 3390 922 3474 λόγοι.

273 3468 395 3538 Ἔνεστι
414 3471 469 3557 κᾷν
490 3474 626 3558 μύρμακι
642 3454 698 3560 κήν·
722 3475 828 3562 σέρφιρ
871 3476 938 3537 ολά.

274 3553 366 3622 Ἔνθ’
391 3558 462 3621 ούτε
483 3559 601 3642 μίμνειν
623 3558 746 3645 ἄνεμος,
769 3498 984 3624 οὔτ’χέκπλεῖν
1005 3558 1052 3643 έαζ.
