<?xml version="1.0" encoding="UTF-8"?>
<!DOCTYPE html PUBLIC "-//W3C//DTD XHTML 1.0 Transitional//EN"
    "http://www.w3.org/TR/xhtml1/DTD/xhtml1-transitional.dtd">
<html xmlns="http://www.w3.org/1999/xhtml" xml:lang="en" lang="en">
 <head>
  <title>
</title>
<meta http-equiv="Content-Type" content="text/html;charset=utf-8" />
  <meta name='ocr-system' content='tesseract 3.04.00' />
  <meta name='ocr-capabilities' content='ocr_page ocr_carea ocr_par ocr_line ocrx_word'/>
</head>
<body>
  <div class='ocr_page' id='page_1' title='image "./iosephiscaliger01scalgoog_0245.png"; bbox 0 0 2560 4216; ppageno 0'>
   <div class='ocr_carea' id='block_1_1' title="bbox 629 336 783 435">
    <p class='ocr_par' dir='ltr' id='par_1_1' title="bbox 629 336 783 435">
     <span class='ocr_line' id='line_1_1' title="bbox 629 336 783 435; baseline 0 -38"><span class='ocrx_word' id='word_1_1' title='bbox 629 336 783 435; x_wconf 56' lang='lat' dir='ltr'>—Q-</span> 
     </span>
    </p>
   </div>
   <div class='ocr_carea' id='block_1_2' title="bbox 246 499 992 817">
    <p class='ocr_par' dir='ltr' id='par_1_2' title="bbox 246 499 992 817">
     <span class='ocr_line' id='line_1_2' title="bbox 246 499 831 587; baseline -0.007 -18"><span class='ocrx_word' id='word_1_2' title='bbox 246 502 288 569; x_wconf 87' lang='lat' dir='ltr'>‘H</span> <span class='ocrx_word' id='word_1_3' title='bbox 311 503 406 587; x_wconf 76' lang='grc' dir='ltr'>ζημία</span> <span class='ocrx_word' id='word_1_4' title='bbox 427 501 564 586; x_wconf 79' lang='grc' dir='ltr'>πέφυκεν</span> <span class='ocrx_word' id='word_1_5' title='bbox 585 499 620 565; x_wconf 81' lang='grc' dir='ltr'>ἐκ</span> <span class='ocrx_word' id='word_1_6' title='bbox 642 502 831 585; x_wconf 79' lang='grc' dir='ltr'><strong>περιουσίας.</strong></span> 
     </span>
     <span class='ocr_line' id='line_1_3' title="bbox 248 585 992 674; baseline -0.005 -21"><span class='ocrx_word' id='word_1_7' title='bbox 248 586 387 674; x_wconf 81' lang='grc' dir='ltr'>Ἐχθροῦ</span> <span class='ocrx_word' id='word_1_8' title='bbox 410 590 565 672; x_wconf 81' lang='grc' dir='ltr'>φρονῆσαι</span> <span class='ocrx_word' id='word_1_9' title='bbox 586 588 715 669; x_wconf 81' lang='grc' dir='ltr'>μᾶλλον,</span> <span class='ocrx_word' id='word_1_10' title='bbox 737 586 756 669; x_wconf 83' lang='grc' dir='ltr'>ή</span> <span class='ocrx_word' id='word_1_11' title='bbox 783 588 889 650; x_wconf 81' lang='grc' dir='ltr'>λαλεῖν</span> <span class='ocrx_word' id='word_1_12' title='bbox 910 585 992 672; x_wconf 87' lang='grc' dir='ltr'>πέρι.</span> 
     </span>
     <span class='ocr_line' id='line_1_4' title="bbox 246 670 920 817; baseline -0.007 -80"><span class='ocrx_word' id='word_1_13' title='bbox 246 670 372 741; x_wconf 84' lang='grc' dir='ltr'>Ἀθῶός</span> <span class='ocrx_word' id='word_1_14' title='bbox 394 672 468 747; x_wconf 85' lang='grc' dir='ltr'>ἐστι,</span> <span class='ocrx_word' id='word_1_15' title='bbox 486 670 606 756; x_wconf 83' lang='grc' dir='ltr'>χρηστὰ</span> <span class='ocrx_word' id='word_1_16' title='bbox 624 671 801 817; x_wconf 82' lang='grc' dir='ltr'>βουλεύειν,</span> <span class='ocrx_word' id='word_1_17' title='bbox 821 670 920 755; x_wconf 90' lang='grc' dir='ltr'>τριβή.</span> 
     </span>
    </p>
   </div>
   <div class='ocr_carea' id='block_1_3' title="bbox 250 754 920 840">
    <p class='ocr_par' dir='ltr' id='par_1_3' title="bbox 250 754 920 840">
     <span class='ocr_line' id='line_1_5' title="bbox 250 754 920 840; baseline -0.006 -19"><span class='ocrx_word' id='word_1_18' title='bbox 250 754 420 821; x_wconf 83' lang='grc' dir='ltr'>Βουλευτέ’</span> <span class='ocrx_word' id='word_1_19' title='bbox 444 756 507 819; x_wconf 76' lang='grc' dir='ltr'>ἐστὶ</span> <span class='ocrx_word' id='word_1_20' title='bbox 529 756 622 837; x_wconf 79' lang='grc' dir='ltr'>δὴντ</span> <span class='ocrx_word' id='word_1_21' title='bbox 665 755 745 824; x_wconf 75' lang='grc' dir='ltr'>ἅπαξ</span> <span class='ocrx_word' id='word_1_22' title='bbox 768 754 920 840; x_wconf 81' lang='grc' dir='ltr'>κυρωτέα.</span> 
     </span>
    </p>
   </div>
   <div class='ocr_carea' id='block_1_4' title="bbox 202 838 989 1539">
    <p class='ocr_par' dir='ltr' id='par_1_4' title="bbox 202 838 989 1539">
     <span class='ocr_line' id='line_1_6' title="bbox 243 838 925 926; baseline -0.007 -18"><span class='ocrx_word' id='word_1_23' title='bbox 243 838 350 911; x_wconf 83' lang='grc' dir='ltr'>Ὅστις</span> <span class='ocrx_word' id='word_1_24' title='bbox 369 840 502 905; x_wconf 79' lang='grc' dir='ltr'>πέποιθε</span> <span class='ocrx_word' id='word_1_25' title='bbox 523 844 564 924; x_wconf 72' lang='grc' dir='ltr'>τη</span> <span class='ocrx_word' id='word_1_26' title='bbox 582 840 697 922; x_wconf 89' lang='grc' dir='ltr'>πλοίνη,</span> <span class='ocrx_word' id='word_1_27' title='bbox 719 845 925 926; x_wconf 82' lang='grc' dir='ltr'>παραφρονεῖ.</span> 
     </span>
     <span class='ocr_line' id='line_1_7' title="bbox 250 923 919 1009; baseline -0.004 -19"><span class='ocrx_word' id='word_1_28' title='bbox 250 924 340 990; x_wconf 88' lang='grc' dir='ltr'>Κατα</span> <span class='ocrx_word' id='word_1_29' title='bbox 367 925 497 1009; x_wconf 91' lang='grc' dir='ltr'>ρόνησον</span> <span class='ocrx_word' id='word_1_30' title='bbox 520 929 634 1006; x_wconf 82' lang='grc' dir='ltr'>κτῆσιν,</span> <span class='ocrx_word' id='word_1_31' title='bbox 657 925 700 987; x_wconf 83' lang='grc' dir='ltr'>ὧν</span> <span class='ocrx_word' id='word_1_32' title='bbox 725 924 808 987; x_wconf 86' lang='grc' dir='ltr'>δλεῖν</span> <span class='ocrx_word' id='word_1_33' title='bbox 832 923 919 1007; x_wconf 77' lang='grc' dir='ltr'>δίνη.</span> 
     </span>
     <span class='ocr_line' id='line_1_8' title="bbox 250 1008 923 1093; baseline -0.004 -18"><span class='ocrx_word' id='word_1_34' title='bbox 250 1010 339 1076; x_wconf 87' lang='grc' dir='ltr'>Πόλλ</span> <span class='ocrx_word' id='word_1_35' title='bbox 373 1010 443 1073; x_wconf 82' lang='grc' dir='ltr'>ὑστε</span> <span class='ocrx_word' id='word_1_36' title='bbox 464 1014 495 1072; x_wconf 85' lang='grc' dir='ltr'>εἴ</span> <span class='ocrx_word' id='word_1_37' title='bbox 512 1008 630 1092; x_wconf 86' lang='grc' dir='ltr'>πένητι,</span> <span class='ocrx_word' id='word_1_38' title='bbox 650 1013 709 1072; x_wconf 81' lang='grc' dir='ltr'>πᾶν</span> <span class='ocrx_word' id='word_1_39' title='bbox 734 1009 923 1093; x_wconf 83' lang='grc' dir='ltr'>φιλαργόριρ.</span> 
     </span>
     <span class='ocr_line' id='line_1_9' title="bbox 252 1091 931 1176; baseline -0.007 -15"><span class='ocrx_word' id='word_1_40' title='bbox 252 1097 358 1161; x_wconf 89' lang='grc' dir='ltr'>Δεινδν</span> <span class='ocrx_word' id='word_1_41' title='bbox 383 1095 417 1158; x_wconf 85' lang='grc' dir='ltr'>τὸ</span> <span class='ocrx_word' id='word_1_42' title='bbox 462 1097 521 1158; x_wconf 75' lang='grc' dir='ltr'>”λυ</span> <span class='ocrx_word' id='word_1_43' title='bbox 544 1094 807 1176; x_wconf 89' lang='grc' dir='ltr'>δακρυοπλαστεῖν</span> <span class='ocrx_word' id='word_1_44' title='bbox 828 1091 931 1175; x_wconf 91' lang='grc' dir='ltr'>γόους.</span> 
     </span>
     <span class='ocr_line' id='line_1_10' title="bbox 251 1176 989 1265; baseline -0.005 -21"><span class='ocrx_word' id='word_1_45' title='bbox 251 1178 376 1265; x_wconf 83' lang='grc' dir='ltr'>Χρόνου</span> <span class='ocrx_word' id='word_1_46' title='bbox 399 1180 429 1261; x_wconf 89' lang='grc' dir='ltr'>γ’</span> <span class='ocrx_word' id='word_1_47' title='bbox 455 1179 590 1241; x_wconf 80' lang='grc' dir='ltr'>ὕποπτον</span> <span class='ocrx_word' id='word_1_48' title='bbox 612 1179 724 1262; x_wconf 83' lang='grc' dir='ltr'>δῶρον.</span> <span class='ocrx_word' id='word_1_49' title='bbox 747 1178 877 1261; x_wconf 73' lang='grc' dir='ltr'>ἁρπάζει</span> <span class='ocrx_word' id='word_1_50' title='bbox 897 1176 989 1263; x_wconf 87' lang='grc' dir='ltr'>ταχό.</span> 
     </span>
     <span class='ocr_line' id='line_1_11' title="bbox 253 1262 944 1368; baseline -0.004 -40"><span class='ocrx_word' id='word_1_51' title='bbox 253 1265 423 1348; x_wconf 87' lang='grc' dir='ltr'>Δυσηκοεῖν</span> <span class='ocrx_word' id='word_1_52' title='bbox 449 1264 499 1326; x_wconf 90' lang='grc' dir='ltr'>δεῖ</span> <span class='ocrx_word' id='word_1_53' title='bbox 515 1263 592 1368; x_wconf 86' lang='grc' dir='ltr'>πρὸς</span> <span class='ocrx_word' id='word_1_54' title='bbox 613 1262 736 1347; x_wconf 83' lang='grc' dir='ltr'><strong>τυχόντ’</strong></span> <span class='ocrx_word' id='word_1_55' title='bbox 757 1262 944 1345; x_wconf 85' lang='grc' dir='ltr'>ἐγκλήματα.</span> 
     </span>
     <span class='ocr_line' id='line_1_12' title="bbox 202 1345 963 1431; baseline -0.003 -18"><span class='ocrx_word' id='word_1_56' title='bbox 202 1389 208 1401; x_wconf 89' lang='lat'><strong>·</strong></span> <span class='ocrx_word' id='word_1_57' title='bbox 243 1346 287 1413; x_wconf 81' lang='grc' dir='ltr'><em>Ὃ</em></span> <span class='ocrx_word' id='word_1_58' title='bbox 336 1348 448 1429; x_wconf 81' lang='grc' dir='ltr'>ροῦδον</span> <span class='ocrx_word' id='word_1_59' title='bbox 470 1348 635 1431; x_wconf 83' lang='grc' dir='ltr'>ήγνυηκας,</span> <span class='ocrx_word' id='word_1_60' title='bbox 654 1346 710 1410; x_wconf 77' lang='grc' dir='ltr'>οὐκ</span> <span class='ocrx_word' id='word_1_61' title='bbox 733 1345 881 1417; x_wconf 82' lang='grc' dir='ltr'>ἀπόλωλέ</span> <span class='ocrx_word' id='word_1_62' title='bbox 905 1369 963 1412; x_wconf 85' lang='grc' dir='ltr'>σοι.</span> 
     </span>
     <span class='ocr_line' id='line_1_13' title="bbox 249 1372 549 1539; baseline -0.007 -44"><span class='ocrx_word' id='word_1_63' title='bbox 249 1372 448 1539; x_wconf 72' lang='grc' dir='ltr'>βόαθήτρι’ἐ</span> <span class='ocrx_word' id='word_1_64' title='bbox 541 1431 549 1449; x_wconf 81' lang='lat'><strong><em>‘</em></strong></span> 
     </span>
    </p>
   </div>
   <div class='ocr_carea' id='block_1_5' title="bbox 214 1430 1064 3373">
    <p class='ocr_par' dir='ltr' id='par_1_5' title="bbox 451 1430 917 1515">
     <span class='ocr_line' id='line_1_14' title="bbox 451 1430 917 1515; baseline 0.002 -23"><span class='ocrx_word' id='word_1_65' title='bbox 451 1433 513 1492; x_wconf 87' lang='grc' dir='ltr'>στὶν</span> <span class='ocrx_word' id='word_1_66' title='bbox 536 1454 555 1512; x_wconf 91' lang='grc' dir='ltr'>η</span> <span class='ocrx_word' id='word_1_67' title='bbox 574 1430 698 1494; x_wconf 77' lang='grc' dir='ltr'>’πιοῦσα</span> <span class='ocrx_word' id='word_1_68' title='bbox 718 1435 772 1514; x_wconf 75' lang='grc' dir='ltr'>τῆς</span> <span class='ocrx_word' id='word_1_69' title='bbox 790 1435 917 1515; x_wconf 78' lang='grc' dir='ltr'>προτοῦ.</span> 
     </span>
    </p>

    <p class='ocr_par' dir='ltr' id='par_1_6' title="bbox 262 1513 902 1601">
     <span class='ocr_line' id='line_1_15' title="bbox 262 1513 902 1601; baseline -0.005 -21"><span class='ocrx_word' id='word_1_70' title='bbox 262 1513 403 1601; x_wconf 86' lang='grc' dir='ltr'>Ομόνοια</span> <span class='ocrx_word' id='word_1_71' title='bbox 424 1515 536 1599; x_wconf 73' lang='grc' dir='ltr'>μείζων</span> <span class='ocrx_word' id='word_1_72' title='bbox 559 1514 594 1577; x_wconf 88' lang='grc' dir='ltr'>ἐκ</span> <span class='ocrx_word' id='word_1_73' title='bbox 615 1518 811 1597; x_wconf 74' lang='grc' dir='ltr'>καταλλαγῆς</span> <span class='ocrx_word' id='word_1_74' title='bbox 832 1513 902 1600; x_wconf 84' lang='grc' dir='ltr'><strong>ἔφυ.</strong></span> 
     </span>
    </p>

    <p class='ocr_par' dir='ltr' id='par_1_7' title="bbox 229 1599 1040 2106">
     <span class='ocr_line' id='line_1_16' title="bbox 251 1599 904 1684; baseline -0.005 -21"><span class='ocrx_word' id='word_1_75' title='bbox 251 1599 332 1684; x_wconf 86' lang='grc' dir='ltr'>Νίκη</span> <span class='ocrx_word' id='word_1_76' title='bbox 356 1601 467 1684; x_wconf 73' lang='grc' dir='ltr'>ταχείᾳ</span> <span class='ocrx_word' id='word_1_77' title='bbox 487 1600 538 1661; x_wconf 92' lang='grc' dir='ltr'>δεῖ</span> <span class='ocrx_word' id='word_1_78' title='bbox 555 1605 755 1684; x_wconf 80' lang='grc' dir='ltr'>παρασκευῆς</span> <span class='ocrx_word' id='word_1_79' title='bbox 777 1604 904 1684; x_wconf 82' lang='grc' dir='ltr'>μακρᾶς.</span> 
     </span>
     <span class='ocr_line' id='line_1_17' title="bbox 229 1681 1040 1769; baseline 0 -21"><span class='ocrx_word' id='word_1_80' title='bbox 229 1684 393 1749; x_wconf 66' lang='grc' dir='ltr'>.Φθίνοιτ’</span> <span class='ocrx_word' id='word_1_81' title='bbox 420 1683 455 1748; x_wconf 81' lang='grc' dir='ltr'>ἀν</span> <span class='ocrx_word' id='word_1_82' title='bbox 478 1683 571 1765; x_wconf 85' lang='grc' dir='ltr'>ἄλγος</span> <span class='ocrx_word' id='word_1_83' title='bbox 595 1684 635 1767; x_wconf 82' lang='grc' dir='ltr'>μή</span> <span class='ocrx_word' id='word_1_84' title='bbox 661 1684 800 1754; x_wconf 77' lang='grc' dir='ltr'>αὐξάνειν</span> <span class='ocrx_word' id='word_1_85' title='bbox 823 1681 897 1769; x_wconf 83' lang='grc' dir='ltr'>ἔχον</span> <span class='ocrx_word' id='word_1_86' title='bbox 919 1683 1040 1767; x_wconf 82' lang='grc' dir='ltr'>πρόσω.</span> 
     </span>
     <span class='ocr_line' id='line_1_18' title="bbox 251 1768 974 1854; baseline -0.003 -20"><span class='ocrx_word' id='word_1_87' title='bbox 251 1768 360 1852; x_wconf 86' lang='grc' dir='ltr'>Βουλὴ</span> <span class='ocrx_word' id='word_1_88' title='bbox 384 1772 559 1854; x_wconf 75' lang='grc' dir='ltr'>στρατηγῶν</span> <span class='ocrx_word' id='word_1_89' title='bbox 580 1769 659 1833; x_wconf 88' lang='grc' dir='ltr'>ἐστὶν</span> <span class='ocrx_word' id='word_1_90' title='bbox 684 1768 810 1853; x_wconf 88' lang='grc' dir='ltr'>ἀνδρεία</span> <span class='ocrx_word' id='word_1_91' title='bbox 833 1773 974 1852; x_wconf 78' lang='grc' dir='ltr'>στρατοῦ.</span> 
     </span>
     <span class='ocr_line' id='line_1_19' title="bbox 252 1852 969 1938; baseline -0.004 -20"><span class='ocrx_word' id='word_1_92' title='bbox 252 1852 466 1938; x_wconf 74' lang='grc' dir='ltr'>Εὐημέροῡσιν</span> <span class='ocrx_word' id='word_1_93' title='bbox 488 1853 602 1937; x_wconf 77' lang='grc' dir='ltr'>αἵρεσις</span> <span class='ocrx_word' id='word_1_94' title='bbox 623 1854 758 1917; x_wconf 85' lang='grc' dir='ltr'>θανάτου</span> <span class='ocrx_word' id='word_1_95' title='bbox 781 1854 872 1936; x_wconf 82' lang='grc' dir='ltr'>καλή.</span> <span class='ocrx_word' id='word_1_96' title='bbox 967 1875 969 1879; x_wconf 70' lang='grc'>’</span> 
     </span>
     <span class='ocr_line' id='line_1_20' title="bbox 253 1937 994 2022; baseline -0.003 -20"><span class='ocrx_word' id='word_1_97' title='bbox 253 1939 384 2021; x_wconf 85' lang='grc' dir='ltr'>Φεόγειν</span> <span class='ocrx_word' id='word_1_98' title='bbox 408 1939 441 2001; x_wconf 86' lang='grc' dir='ltr'>τὸ</span> <span class='ocrx_word' id='word_1_99' title='bbox 464 1937 574 2020; x_wconf 85' lang='grc' dir='ltr'><strong>κέρδος</strong></span> <span class='ocrx_word' id='word_1_100' title='bbox 598 1938 661 1999; x_wconf 86' lang='grc' dir='ltr'>ἐστὶ</span> <span class='ocrx_word' id='word_1_101' title='bbox 686 1938 843 2022; x_wconf 80' lang='grc' dir='ltr'>βασιλείας</span> <span class='ocrx_word' id='word_1_102' title='bbox 863 1942 994 2022; x_wconf 82' lang='grc' dir='ltr'>κρατεῖν.</span> 
     </span>
     <span class='ocr_line' id='line_1_21' title="bbox 250 2020 877 2106; baseline -0.003 -19"><span class='ocrx_word' id='word_1_103' title='bbox 250 2023 416 2106; x_wconf 80' lang='grc' dir='ltr'>Ἀνενδεής</span> <span class='ocrx_word' id='word_1_104' title='bbox 437 2021 475 2099; x_wconf 80' lang='grc' dir='ltr'>εί,</span> <span class='ocrx_word' id='word_1_105' title='bbox 501 2020 573 2084; x_wconf 82' lang='grc' dir='ltr'>ὅσον</span> <span class='ocrx_word' id='word_1_106' title='bbox 598 2020 769 2087; x_wconf 82' lang='grc' dir='ltr'>ἐλαττόνων</span> <span class='ocrx_word' id='word_1_107' title='bbox 797 2022 877 2106; x_wconf 75' lang='grc' dir='ltr'>ἐρᾷς.</span> 
     </span>
    </p>

    <p class='ocr_par' dir='ltr' id='par_1_8' title="bbox 245 2105 911 2191">
     <span class='ocr_line' id='line_1_22' title="bbox 245 2105 911 2191; baseline -0.006 -19"><span class='ocrx_word' id='word_1_108' title='bbox 245 2105 305 2176; x_wconf 78' lang='grc' dir='ltr'>Ὦς</span> <span class='ocrx_word' id='word_1_109' title='bbox 328 2107 406 2170; x_wconf 85' lang='grc' dir='ltr'>ἐστιν</span> <span class='ocrx_word' id='word_1_110' title='bbox 431 2106 591 2188; x_wconf 73' lang='grc' dir='ltr'>ἐγγήραμα</span> <span class='ocrx_word' id='word_1_111' title='bbox 616 2106 773 2191; x_wconf 86' lang='grc' dir='ltr'>δυστυχὲς,</span> <span class='ocrx_word' id='word_1_112' title='bbox 797 2105 911 2191; x_wconf 78' lang='grc' dir='ltr'>φόβοςί</span> 
     </span>
    </p>

    <p class='ocr_par' dir='ltr' id='par_1_9' title="bbox 242 2188 1064 2867">
     <span class='ocr_line' id='line_1_23' title="bbox 242 2188 1005 2276; baseline -0.004 -21"><span class='ocrx_word' id='word_1_113' title='bbox 242 2189 305 2256; x_wconf 77' lang='grc' dir='ltr'>Ὃν</span> <span class='ocrx_word' id='word_1_114' title='bbox 326 2192 415 2276; x_wconf 91' lang='grc' dir='ltr'>χοίρις</span> <span class='ocrx_word' id='word_1_115' title='bbox 437 2190 572 2274; x_wconf 85' lang='grc' dir='ltr'>ἐλήφθη,</span> <span class='ocrx_word' id='word_1_116' title='bbox 593 2188 678 2252; x_wconf 78' lang='grc' dir='ltr'>τόνδ’</span> <span class='ocrx_word' id='word_1_117' title='bbox 703 2191 862 2276; x_wconf 83' lang='grc' dir='ltr'>ὀφείλεται</span> <span class='ocrx_word' id='word_1_118' title='bbox 881 2189 1005 2274; x_wconf 89' lang='grc' dir='ltr'>τρόπον.</span> 
     </span>
     <span class='ocr_line' id='line_1_24' title="bbox 249 2273 1064 2361; baseline -0.004 -21"><span class='ocrx_word' id='word_1_119' title='bbox 249 2273 363 2361; x_wconf 85' lang='grc' dir='ltr'>Ὀργὴν</span> <span class='ocrx_word' id='word_1_120' title='bbox 384 2276 526 2359; x_wconf 82' lang='grc' dir='ltr'>ἀφαιρεῖν</span> <span class='ocrx_word' id='word_1_121' title='bbox 552 2276 585 2337; x_wconf 86' lang='grc' dir='ltr'>τὸ</span> <span class='ocrx_word' id='word_1_122' title='bbox 611 2273 712 2359; x_wconf 80' lang='grc' dir='ltr'><strong>βέλος,</strong></span> <span class='ocrx_word' id='word_1_123' title='bbox 742 2275 778 2339; x_wconf 79' lang='grc' dir='ltr'>οὐ</span> <span class='ocrx_word' id='word_1_124' title='bbox 800 2277 918 2350; x_wconf 84' lang='grc' dir='ltr'>δοῦναι,</span> <span class='ocrx_word' id='word_1_125' title='bbox 940 2274 1064 2359; x_wconf 87' lang='grc' dir='ltr'>πρέπει.</span> 
     </span>
     <span class='ocr_line' id='line_1_25' title="bbox 253 2359 975 2466; baseline 0 -45"><span class='ocrx_word' id='word_1_126' title='bbox 253 2360 382 2446; x_wconf 83' lang='grc' dir='ltr'>Πέφυκε</span> <span class='ocrx_word' id='word_1_127' title='bbox 403 2359 537 2443; x_wconf 82' lang='grc' dir='ltr'>ταχύτης</span> <span class='ocrx_word' id='word_1_128' title='bbox 557 2362 608 2423; x_wconf 86' lang='grc' dir='ltr'>καὶ</span> <span class='ocrx_word' id='word_1_129' title='bbox 632 2361 763 2444; x_wconf 87' lang='grc' dir='ltr'>βραδεῖα</span> <span class='ocrx_word' id='word_1_130' title='bbox 783 2365 829 2466; x_wconf 77' lang='grc' dir='ltr'>τηῖ</span> <span class='ocrx_word' id='word_1_131' title='bbox 849 2359 950 2444; x_wconf 88' lang='grc' dir='ltr'>πόθιμ.</span> <span class='ocrx_word' id='word_1_132' title='bbox 972 2414 975 2421; x_wconf 90' lang='grc'>,</span> 
     </span>
     <span class='ocr_line' id='line_1_26' title="bbox 255 2443 980 2530; baseline -0.004 -21"><span class='ocrx_word' id='word_1_133' title='bbox 255 2445 397 2510; x_wconf 82' lang='grc' dir='ltr'>Θανάτου</span> <span class='ocrx_word' id='word_1_134' title='bbox 413 2443 481 2507; x_wconf 80' lang='grc' dir='ltr'>’σθ’</span> <span class='ocrx_word' id='word_1_135' title='bbox 504 2445 626 2529; x_wconf 78' lang='grc' dir='ltr'>ἑταῖρος</span> <span class='ocrx_word' id='word_1_136' title='bbox 648 2446 762 2528; x_wconf 82' lang='grc' dir='ltr'>ἀκλεής</span> <span class='ocrx_word' id='word_1_137' title='bbox 783 2447 848 2530; x_wconf 94' lang='grc' dir='ltr'>βιος</span> <span class='ocrx_word' id='word_1_138' title='bbox 869 2446 980 2530; x_wconf 76' lang='grc' dir='ltr'>βροτώ.</span> 
     </span>
     <span class='ocr_line' id='line_1_27' title="bbox 254 2504 1011 2614; baseline -0.004 -21"><span class='ocrx_word' id='word_1_139' title='bbox 254 2527 380 2613; x_wconf 89' lang='grc' dir='ltr'>Μέρους</span> <span class='ocrx_word' id='word_1_140' title='bbox 399 2529 543 2592; x_wconf 87' lang='grc' dir='ltr'>κακίστου</span> <span class='ocrx_word' id='word_1_141' title='bbox 565 2529 680 2612; x_wconf 78' lang='grc' dir='ltr'>τέκμαρ</span> <span class='ocrx_word' id='word_1_142' title='bbox 703 2529 798 2614; x_wconf 86' lang='grc' dir='ltr'>ὄχλος</span> <span class='ocrx_word' id='word_1_143' title='bbox 821 2528 888 2590; x_wconf 75' lang='grc' dir='ltr'>ἐστ’</span> <span class='ocrx_word' id='word_1_144' title='bbox 907 2504 965 2591; x_wconf 88' lang='grc' dir='ltr'>ἀεί.</span> <span class='ocrx_word' id='word_1_145' title='bbox 1007 2568 1011 2573; x_wconf 86' lang='lat'><strong>·</strong></span> 
     </span>
     <span class='ocr_line' id='line_1_28' title="bbox 253 2612 895 2698; baseline -0.003 -21"><span class='ocrx_word' id='word_1_146' title='bbox 253 2612 330 2682; x_wconf 92' lang='grc' dir='ltr'>Βίος</span> <span class='ocrx_word' id='word_1_147' title='bbox 350 2614 449 2698; x_wconf 84' lang='grc' dir='ltr'>ἀθλίῳ</span> <span class='ocrx_word' id='word_1_148' title='bbox 473 2615 627 2696; x_wconf 82' lang='grc' dir='ltr'>μήκιστος,</span> <span class='ocrx_word' id='word_1_149' title='bbox 650 2614 747 2698; x_wconf 81' lang='grc' dir='ltr'>όλβίυρ</span> <span class='ocrx_word' id='word_1_150' title='bbox 768 2613 895 2698; x_wconf 89' lang='grc' dir='ltr'>βραχός.</span> 
     </span>
     <span class='ocr_line' id='line_1_29' title="bbox 252 2695 963 2782; baseline -0.004 -20"><span class='ocrx_word' id='word_1_151' title='bbox 252 2696 383 2782; x_wconf 80' lang='grc' dir='ltr'>Ἀρετῆς</span> <span class='ocrx_word' id='word_1_152' title='bbox 404 2698 547 2782; x_wconf 84' lang='grc' dir='ltr'>ἀρορμὴν</span> <span class='ocrx_word' id='word_1_153' title='bbox 570 2700 669 2762; x_wconf 84' lang='grc' dir='ltr'>καὶτὸ</span> <span class='ocrx_word' id='word_1_154' title='bbox 692 2696 866 2782; x_wconf 82' lang='grc' dir='ltr'>δυστόχημ’</span> <span class='ocrx_word' id='word_1_155' title='bbox 887 2695 963 2782; x_wconf 83' lang='grc' dir='ltr'>ἔχει.</span> 
     </span>
     <span class='ocr_line' id='line_1_30' title="bbox 255 2781 931 2867; baseline -0.001 -21"><span class='ocrx_word' id='word_1_156' title='bbox 255 2781 328 2851; x_wconf 93' lang='grc' dir='ltr'>Τοῖς</span> <span class='ocrx_word' id='word_1_157' title='bbox 350 2782 470 2850; x_wconf 85' lang='grc' dir='ltr'>ἀθλίοις</span> <span class='ocrx_word' id='word_1_158' title='bbox 490 2787 562 2851; x_wconf 76' lang='grc' dir='ltr'>νοῦς</span> <span class='ocrx_word' id='word_1_159' title='bbox 584 2784 707 2867; x_wconf 82' lang='grc' dir='ltr'>ὑστερεῖ</span> <span class='ocrx_word' id='word_1_160' title='bbox 725 2805 758 2845; x_wconf 92' lang='grc' dir='ltr'>τε</span> <span class='ocrx_word' id='word_1_161' title='bbox 777 2783 828 2845; x_wconf 84' lang='grc' dir='ltr'>καὶ</span> <span class='ocrx_word' id='word_1_162' title='bbox 851 2781 931 2867; x_wconf 90' lang='grc' dir='ltr'>πέρι.</span> 
     </span>
    </p>

    <p class='ocr_par' dir='ltr' id='par_1_10' title="bbox 251 2865 887 2951">
     <span class='ocr_line' id='line_1_31' title="bbox 251 2865 887 2951; baseline -0.003 -21"><span class='ocrx_word' id='word_1_163' title='bbox 251 2865 292 2931; x_wconf 87' lang='grc' dir='ltr'><strong>Ἡ</strong></span> <span class='ocrx_word' id='word_1_164' title='bbox 314 2866 494 2951; x_wconf 86' lang='grc' dir='ltr'>καρτέρηοίς</span> <span class='ocrx_word' id='word_1_165' title='bbox 516 2867 579 2929; x_wconf 83' lang='grc' dir='ltr'>ἐστι</span> <span class='ocrx_word' id='word_1_166' title='bbox 602 2868 766 2951; x_wconf 84' lang='grc' dir='ltr'>δυστυχίας</span> <span class='ocrx_word' id='word_1_167' title='bbox 785 2868 887 2950; x_wconf 90' lang='grc' dir='ltr'>λιμήν.</span> 
     </span>
    </p>

    <p class='ocr_par' dir='ltr' id='par_1_11' title="bbox 214 2949 994 3373">
     <span class='ocr_line' id='line_1_32' title="bbox 254 2949 920 3037; baseline -0.008 -21"><span class='ocrx_word' id='word_1_168' title='bbox 254 2949 317 3016; x_wconf 84' lang='grc' dir='ltr'>Καὶ</span> <span class='ocrx_word' id='word_1_169' title='bbox 339 2957 402 3020; x_wconf 93' lang='grc' dir='ltr'>τοῖς</span> <span class='ocrx_word' id='word_1_170' title='bbox 419 2950 569 3016; x_wconf 78' lang='grc' dir='ltr'>ποθοῦσιν</span> <span class='ocrx_word' id='word_1_171' title='bbox 592 2952 711 3035; x_wconf 78' lang='grc' dir='ltr'>ὠκύτης</span> <span class='ocrx_word' id='word_1_172' title='bbox 733 2952 797 3014; x_wconf 87' lang='grc' dir='ltr'>ἐστὶ</span> <span class='ocrx_word' id='word_1_173' title='bbox 822 2951 920 3037; x_wconf 87' lang='grc' dir='ltr'>τριβή.</span> 
     </span>
     <span class='ocr_line' id='line_1_33' title="bbox 249 3034 925 3142; baseline -0.004 -42"><span class='ocrx_word' id='word_1_174' title='bbox 249 3034 339 3142; x_wconf 82' lang='grc' dir='ltr'>Ἔχει</span> <span class='ocrx_word' id='word_1_175' title='bbox 363 3037 418 3120; x_wconf 90' lang='grc' dir='ltr'>μέν</span> <span class='ocrx_word' id='word_1_176' title='bbox 444 3035 520 3099; x_wconf 84' lang='grc' dir='ltr'>ίδίαν</span> <span class='ocrx_word' id='word_1_177' title='bbox 541 3038 592 3100; x_wconf 81' lang='grc' dir='ltr'>καὶ</span> <span class='ocrx_word' id='word_1_178' title='bbox 616 3036 701 3098; x_wconf 88' lang='grc' dir='ltr'>σκιάν</span> <span class='ocrx_word' id='word_1_179' title='bbox 723 3038 742 3118; x_wconf 78' lang='grc' dir='ltr'>ἡ</span> <span class='ocrx_word' id='word_1_180' title='bbox 767 3034 834 3118; x_wconf 75' lang='grc' dir='ltr'>θρὶξ</span> <span class='ocrx_word' id='word_1_181' title='bbox 861 3036 925 3117; x_wconf 85' lang='grc' dir='ltr'>μία.</span> 
     </span>
     <span class='ocr_line' id='line_1_34' title="bbox 214 3117 994 3206; baseline -0.008 -22"><span class='ocrx_word' id='word_1_182' title='bbox 214 3136 221 3156; x_wconf 70' lang='grc'><em>“</em></span> <span class='ocrx_word' id='word_1_183' title='bbox 256 3125 380 3190; x_wconf 88' lang='grc' dir='ltr'>Δικαιυς</span> <span class='ocrx_word' id='word_1_184' title='bbox 400 3120 535 3205; x_wconf 82' lang='grc' dir='ltr'>ἐχθροῖς,</span> <span class='ocrx_word' id='word_1_185' title='bbox 557 3123 661 3188; x_wconf 84' lang='grc' dir='ltr'>πιστὸς</span> <span class='ocrx_word' id='word_1_186' title='bbox 680 3120 711 3183; x_wconf 87' lang='grc' dir='ltr'>ἐν</span> <span class='ocrx_word' id='word_1_187' title='bbox 735 3121 873 3206; x_wconf 87' lang='grc' dir='ltr'>βουλαῖς,</span> <span class='ocrx_word' id='word_1_188' title='bbox 895 3117 994 3181; x_wconf 85' lang='grc' dir='ltr'>πέλει.</span> 
     </span>
     <span class='ocr_line' id='line_1_35' title="bbox 255 3203 965 3290; baseline -0.007 -21"><span class='ocrx_word' id='word_1_189' title='bbox 255 3203 325 3290; x_wconf 79' lang='grc' dir='ltr'>Κάκ</span> <span class='ocrx_word' id='word_1_190' title='bbox 347 3209 407 3268; x_wconf 85' lang='grc' dir='ltr'>τῶν</span> <span class='ocrx_word' id='word_1_191' title='bbox 428 3205 543 3268; x_wconf 85' lang='grc' dir='ltr'>ἀθώων</span> <span class='ocrx_word' id='word_1_192' title='bbox 566 3206 680 3288; x_wconf 82' lang='grc' dir='ltr'>ψεῦδος</span> <span class='ocrx_word' id='word_1_193' title='bbox 699 3205 843 3290; x_wconf 85' lang='grc' dir='ltr'>ἐκβάλλει</span> <span class='ocrx_word' id='word_1_194' title='bbox 861 3203 965 3270; x_wconf 86' lang='grc' dir='ltr'>πόνος.</span> 
     </span>
     <span class='ocr_line' id='line_1_36' title="bbox 255 3286 979 3373; baseline -0.007 -20"><span class='ocrx_word' id='word_1_195' title='bbox 255 3288 317 3353; x_wconf 83' lang='grc' dir='ltr'>Καὶ</span> <span class='ocrx_word' id='word_1_196' title='bbox 337 3291 595 3373; x_wconf 77' lang='grc' dir='ltr'>πλημμελοῦντοὶς</span> <span class='ocrx_word' id='word_1_197' title='bbox 617 3288 695 3351; x_wconf 88' lang='grc' dir='ltr'>ἐστιν</span> <span class='ocrx_word' id='word_1_198' title='bbox 719 3289 857 3372; x_wconf 80' lang='grc' dir='ltr'>εὐορκεῖν</span> <span class='ocrx_word' id='word_1_199' title='bbox 880 3286 979 3370; x_wconf 80' lang='grc' dir='ltr'>θέμις.</span> 
     </span>
    </p>
   </div>
   <div class='ocr_carea' id='block_1_6' title="bbox 155 3371 988 3457">
    <p class='ocr_par' dir='ltr' id='par_1_12' title="bbox 155 3371 988 3457">
     <span class='ocr_line' id='line_1_37' title="bbox 155 3371 988 3457; baseline -0.01 -17"><span class='ocrx_word' id='word_1_200' title='bbox 155 3408 158 3417; x_wconf 57' lang='grc'><strong><em>»</em></strong></span> <span class='ocrx_word' id='word_1_201' title='bbox 250 3371 352 3439; x_wconf 84' lang='grc' dir='ltr'>Ἔστιν</span> <span class='ocrx_word' id='word_1_202' title='bbox 376 3374 393 3436; x_wconf 90' lang='grc' dir='ltr'>ό</span> <span class='ocrx_word' id='word_1_203' title='bbox 414 3396 447 3436; x_wconf 93' lang='grc' dir='ltr'>τε</span> <span class='ocrx_word' id='word_1_204' title='bbox 470 3373 551 3457; x_wconf 89' lang='grc' dir='ltr'>λήθη</span> <span class='ocrx_word' id='word_1_205' title='bbox 572 3375 637 3457; x_wconf 85' lang='grc' dir='ltr'>χῶν</span> <span class='ocrx_word' id='word_1_206' title='bbox 660 3396 718 3457; x_wconf 87' lang='grc' dir='ltr'>περ</span> <span class='ocrx_word' id='word_1_207' title='bbox 740 3373 837 3448; x_wconf 87' lang='grc' dir='ltr'>οίδας,</span> <span class='ocrx_word' id='word_1_208' title='bbox 860 3373 988 3457; x_wconf 84' lang='grc' dir='ltr'>ὠφελεῖ.</span> 
     </span>
    </p>
   </div>
   <div class='ocr_carea' id='block_1_7' title="bbox 248 3454 965 3626">
    <p class='ocr_par' dir='ltr' id='par_1_13' title="bbox 248 3454 965 3626">
     <span class='ocr_line' id='line_1_38' title="bbox 248 3454 959 3565; baseline -0.006 -43"><span class='ocrx_word' id='word_1_209' title='bbox 248 3454 356 3544; x_wconf 78' lang='grc' dir='ltr'>Ὕβριν</span> <span class='ocrx_word' id='word_1_210' title='bbox 376 3480 411 3541; x_wconf 88' lang='grc' dir='ltr'>γε</span> <span class='ocrx_word' id='word_1_211' title='bbox 435 3462 520 3542; x_wconf 89' lang='grc' dir='ltr'>μισεῖ</span> <span class='ocrx_word' id='word_1_212' title='bbox 537 3457 641 3541; x_wconf 85' lang='grc' dir='ltr'>χόστις</span> <span class='ocrx_word' id='word_1_213' title='bbox 663 3459 794 3565; x_wconf 56' lang='grc' dir='ltr'>ὑβρίζειν</span> <span class='ocrx_word' id='word_1_214' title='bbox 819 3459 913 3541; x_wconf 87' lang='grc' dir='ltr'>φιλεῖ.</span> <span class='ocrx_word' id='word_1_215' title='bbox 943 3543 959 3558; x_wconf 70' lang='lat'><em>„</em></span> 
     </span>
     <span class='ocr_line' id='line_1_39' title="bbox 257 3539 965 3626; baseline -0.001 -21"><span class='ocrx_word' id='word_1_216' title='bbox 257 3539 296 3605; x_wconf 80' lang='grc' dir='ltr'>Εἰ</span> <span class='ocrx_word' id='word_1_217' title='bbox 315 3544 368 3606; x_wconf 81' lang='grc' dir='ltr'>καὶ</span> <span class='ocrx_word' id='word_1_218' title='bbox 390 3540 524 3626; x_wconf 81' lang='grc' dir='ltr'>μέμυκεν</span> <span class='ocrx_word' id='word_1_219' title='bbox 547 3541 646 3619; x_wconf 77' lang='grc' dir='ltr'>ἕλκος,</span> <span class='ocrx_word' id='word_1_220' title='bbox 670 3567 689 3626; x_wconf 89' lang='grc' dir='ltr'>η</span> <span class='ocrx_word' id='word_1_221' title='bbox 709 3567 727 3626; x_wconf 87' lang='grc' dir='ltr'>γ</span> <span class='ocrx_word' id='word_1_222' title='bbox 768 3540 846 3624; x_wconf 77' lang='grc' dir='ltr'>οὐλὴ</span> <span class='ocrx_word' id='word_1_223' title='bbox 871 3563 965 3626; x_wconf 84' lang='grc' dir='ltr'>μενει.</span> 
     </span>
    </p>
   </div>
   <div class='ocr_carea' id='block_1_8' title="bbox 0 0 1292 4216">
    <p class='ocr_par' dir='ltr' id='par_1_14' title="bbox 0 0 1292 4216">
     <span class='ocr_line' id='line_1_40' title="bbox 0 0 1292 4216; baseline 0 0"><span class='ocrx_word' id='word_1_224' title='bbox 0 0 1292 4216; x_wconf 95' lang='lat' dir='ltr'> </span> 
     </span>
    </p>
   </div>
  </div>
 </body>
</html>
