2586 4214
514 336 665 433 Q

131 491 304 571 Statimque
327 497 434 576 volgus
454 504 545 563 armis

131 578 233 638 Omne
254 581 425 642 confodient
447 605 505 645 me.

130 662 204 721 Tec.
250 664 320 724 Vah
339 668 467 729 misera:
490 674 568 734 talea
591 695 764 737 maxumum
785 699 874 742 vocer
897 685 992 744 vnum
1043 690 1095 745 410

130 748 259 823 Efflarc,
282 768 359 827 quaa
382 772 439 812 nec
460 776 553 818 ausus
577 770 658 823 esset
680 765 831 825 antehac?

385 830 388 839 ’
411 839 440 897 4.
462 841 656 922 Antiati-opha
674 847 763 908 XVI.

130 917 180 974 ni.
203 982 205 988 Α
223 917 324 977 Fluvii
343 924 484 999 mariflui‚
504 936 534 986 et
555 932 706 990 maritima
725 943 822 1009 antra,

129 1001 170 1059 Et
189 1001 340 1061 littoream
363 1007 422 1066 hoc
440 1030 558 1086 nemus,

129 1085 193 1144 Diu
213 1087 265 1144 diu
286 1108 335 1146 me
356 1092 426 1168 plus
450 1097 525 1156 satis

130 1171 258 1230 Tenetis
280 1181 351 1231 ante
371 1177 504 1238 Troiam.

128 1257 253 1314 Atenim
271 1258 352 1317 haud
372 1261 487 1323 lumine
508 1284 586 1324 com-

130 1349 250 1417 ·potem
272 1345 402 1420 amplius
425 1349 535 1408 licebit.

131 1424 262 1485 Credere
283 1428 342 1486 hoc
363 1442 453 1509 neget
472 1454 573 1494 nemo.

129 1511 158 1571 Ο
181 1509 377 1589 Scamander,
399 1519 450 1591 qui
473 1522 632 1598 proximus
654 1524 722 1584 fluis

127 1595 302 1656 Benevoluo
323 1600 463 1679 Argivis:

127 1679 202 1739 Non
225 1683 357 1745 tueberia

127 1766 270 1843 Amplius
289 1769 385 1828 virum
406 1773 486 1832 hunc

128 1851 255 1927 (Dicere
278 1870 340 1913 non
362 1860 503 1935 verebor)
527 1878 580 1917 ex·

129 1937 241 2010 -erciti‚
266 1941 410 2015 omnium,

128 2022 213 2097 Quos
238 2022 333 2083 Troia
352 2028 437 2100 vidit,
461 2036 614 2105 optumum

129 2105 325 2168 Graecanici:
350 2120 381 2169 at
401 2114 467 2172 sine
489 2114 550 2172 ullo

127 2190 219 2250 Nunc
239 2194 354 2254 honore
375 2198 533 2258 iacentem.

128 2275 184 2336 Ch.
226 2275 294 2336 Nec
315 2284 545 2359 comprimendi,
565 2304 622 2343 nec
644 2286 816 2345 remittendi
837 2292 891 2364 tui,

126 2360 231 2420 Ullum
253 2365 372 2424 modurn
392 2369 503 2429 habeo:
527 2378 612 2428 tanta
631 2378 661 2427 te
682 2371 859 2433 incumbunt
877 2377 967 2434 mala

127 2447 177 2504 ni.
222 2449 271 2519 Αἱ,
290 2450 333 2523 ai,
356 2454 424 2526 quis
445 2473 577 2529 unquam
598 2462 641 2512 tot
661 2474 761 2513 mcum
782 2463 960 2536 cognomine

127 2532 207 2591 Meis
229 2542 369 2609 putasset
390 2539 550 2597 concinere
571 2558 680 2597 nomen
697 2541 809 2600 malis?

127 2617 178 2689 Αἰ,
198 2617 318 2678 cilicet
338 2641 417 2680 nuno
439 2623 581 2700 proloqui
602 2625 661 2696 bis,
684 2632 730 2682 ter
752 2627 834 2685 mihi.

126 2699 209 2759 Nam
231 2722 279 2762 me
302 2706 447 2765 melorum
466 2717 552 2767 tanta
573 2709 737 2768 circunstat
756 2713 873 2773 cohors.

127 2783 222 2846 Cuius
240 2798 328 2865 pater
347 2811 487 2853 reversus
512 2796 549 2852 ab
574 2793 686 2852 Troiae
707 2795 762 2853 hoc
785 2797 853 2857 solo

126 2870 261 2931 Domum
279 2877 388 2936 redivit
408 2887 525 2938 mactus
548 2880 631 2938 omni
652 2880 774 2938 adorea.

126 2956 193 3034 Ego
219 2968 319 3019 autem
341 2963 447 3021 eodem
469 2973 570 3038 natus,
588 2965 625 3022 ad
647 2965 775 3023 eundem
797 2967 895 3027 locum

125 3041 299 3118 Profectus,
319 3047 428 3106 iisdem
450 3051 564 3109 viribus
588 3070 651 3108 non
671 3050 822 3128 indigens,

126 3124 186 3199 Qui
207 3147 265 3187 nec
285 3132 400 3190 minora
422 3142 511 3210 patre
532 3135 653 3212 patravi
671 3154 773 3209 manu,

126 3210 197 3272 Heu
218 3233 311 3290 pereo
332 3217 371 3275 ad
393 3219 485 3277 istum
505 3221 667 3279 inhonorus
686 3221 807 3300 Argivis
829 3227 961 3286 modum.

127 3293 190 3356 Sed
210 3299 270 3358 hoo
288 3303 351 3361 ocio
374 3304 453 3361 haud
473 3306 623 3364 obnoxie:
648 3305 676 3365 ai
697 3307 735 3365 de
757 3309 821 3367 ouis

125 3381 243 3443 Vivens
266 3387 404 3447 Achilles
428 3397 534 3465 captna
556 3392 647 3451 armis
668 3393 781 3450 arbiter

125 3465 312 3529 Palmarium
328 3474 447 3534 virtutis
468 3475 560 3533 alicui
583 3477 745 3550 addiceret,

125 3549 226 3614 Nemo
246 3557 425 3619 abstulisset
447 3561 501 3619 illa
518 3569 589 3618 tunc
606 3580 708 3621 'meam
726 3563 831 3623 vicem.
