<?xml version="1.0" encoding="UTF-8"?>
<!DOCTYPE html PUBLIC "-//W3C//DTD XHTML 1.0 Transitional//EN"
    "http://www.w3.org/TR/xhtml1/DTD/xhtml1-transitional.dtd">
<html xmlns="http://www.w3.org/1999/xhtml" xml:lang="en" lang="en">
 <head>
  <title>
</title>
<meta http-equiv="Content-Type" content="text/html;charset=utf-8" />
  <meta name='ocr-system' content='tesseract 3.04.00' />
  <meta name='ocr-capabilities' content='ocr_page ocr_carea ocr_par ocr_line ocrx_word'/>
</head>
<body>
  <div class='ocr_page' id='page_1' title='image "./iosephiscaliger01scalgoog_0430.png"; bbox 0 0 2604 4210; ppageno 0'>
   <div class='ocr_carea' id='block_1_1' title="bbox 517 370 668 466">
    <p class='ocr_par' dir='ltr' id='par_1_1' title="bbox 517 370 668 466">
     <span class='ocr_line' id='line_1_1' title="bbox 517 370 668 466; baseline 0 -35"><span class='ocrx_word' id='word_1_1' title='bbox 517 370 668 466; x_wconf 49' lang='lat' dir='ltr'>Q-</span> 
     </span>
    </p>
   </div>
   <div class='ocr_carea' id='block_1_2' title="bbox 77 537 950 618">
    <p class='ocr_par' dir='ltr' id='par_1_2' title="bbox 77 537 950 618">
     <span class='ocr_line' id='line_1_2' title="bbox 77 537 950 618; baseline 0.001 -17"><span class='ocrx_word' id='word_1_2' title='bbox 77 574 80 579; x_wconf 58' lang='lat'><em>&lt;</em></span> <span class='ocrx_word' id='word_1_3' title='bbox 138 539 252 602; x_wconf 87' lang='lat' dir='ltr'>Omnia</span> <span class='ocrx_word' id='word_1_4' title='bbox 273 537 350 598; x_wconf 88' lang='lat' dir='ltr'>suda</span> <span class='ocrx_word' id='word_1_5' title='bbox 369 539 482 613; x_wconf 86' lang='lat' dir='ltr'>ferens,</span> <span class='ocrx_word' id='word_1_6' title='bbox 505 548 626 618; x_wconf 76' lang='lat' dir='ltr'>tergens</span> <span class='ocrx_word' id='word_1_7' title='bbox 648 541 727 599; x_wconf 85' lang='lat' dir='ltr'>freta</span> <span class='ocrx_word' id='word_1_8' title='bbox 746 542 842 601; x_wconf 77' lang='lat' dir='ltr'>vitrea</span> <span class='ocrx_word' id='word_1_9' title='bbox 863 541 950 602; x_wconf 79' lang='lat' dir='ltr'>coeli.</span> 
     </span>
    </p>
   </div>
   <div class='ocr_carea' id='block_1_3' title="bbox 136 709 1052 1296">
    <p class='ocr_par' dir='ltr' id='par_1_3' title="bbox 136 709 1052 1296">
     <span class='ocr_line' id='line_1_3' title="bbox 409 709 1052 784; baseline 0.009 -18"><span class='ocrx_word' id='word_1_10' title='bbox 409 709 536 767; x_wconf 80' lang='lat' dir='ltr'>Favonii</span> <span class='ocrx_word' id='word_1_11' title='bbox 552 711 693 784; x_wconf 70' lang='lat' dir='ltr'>suffimen,</span> <span class='ocrx_word' id='word_1_12' title='bbox 717 719 771 768; x_wconf 79' lang='lat' dir='ltr'>tas.</span> <span class='ocrx_word' id='word_1_13' title='bbox 1006 713 1052 772; x_wconf 76' lang='lat'>80</span> 
     </span>
     <span class='ocr_line' id='line_1_4' title="bbox 138 793 941 870; baseline 0 -17"><span class='ocrx_word' id='word_1_14' title='bbox 138 793 314 870; x_wconf 83' lang='lat' dir='ltr'>anlivaga,</span> <span class='ocrx_word' id='word_1_15' title='bbox 336 793 489 870; x_wconf 84' lang='lat' dir='ltr'>undigena</span> <span class='ocrx_word' id='word_1_16' title='bbox 510 794 643 866; x_wconf 88' lang='lat' dir='ltr'>flabella,</span> <span class='ocrx_word' id='word_1_17' title='bbox 664 795 817 854; x_wconf 80' lang='lat' dir='ltr'>Feroniae</span> <span class='ocrx_word' id='word_1_18' title='bbox 840 812 941 869; x_wconf 84' lang='lat' dir='ltr'>aurae,</span> 
     </span>
     <span class='ocr_line' id='line_1_5' title="bbox 138 879 919 959; baseline -0.005 -18"><span class='ocrx_word' id='word_1_19' title='bbox 138 880 166 941; x_wconf 95' lang='grc' dir='ltr'>Ο</span> <span class='ocrx_word' id='word_1_20' title='bbox 189 879 361 937; x_wconf 81' lang='lat' dir='ltr'>levisomna</span> <span class='ocrx_word' id='word_1_21' title='bbox 382 879 501 959; x_wconf 85' lang='lat' dir='ltr'>animae</span> <span class='ocrx_word' id='word_1_22' title='bbox 522 879 661 939; x_wconf 88' lang='lat' dir='ltr'>solamen</span> <span class='ocrx_word' id='word_1_23' title='bbox 682 879 754 938; x_wconf 92' lang='lat' dir='ltr'>mite</span> <span class='ocrx_word' id='word_1_24' title='bbox 772 880 919 953; x_wconf 90' lang='lat' dir='ltr'>laborum,</span> 
     </span>
     <span class='ocr_line' id='line_1_6' title="bbox 136 963 954 1043; baseline 0.004 -21"><span class='ocrx_word' id='word_1_25' title='bbox 136 965 268 1035; x_wconf 79' lang='lat' dir='ltr'>Vernae,</span> <span class='ocrx_word' id='word_1_26' title='bbox 289 963 472 1040; x_wconf 76' lang='lat' dir='ltr'>gramineae,</span> <span class='ocrx_word' id='word_1_27' title='bbox 493 971 632 1039; x_wconf 90' lang='lat' dir='ltr'>portuum</span> <span class='ocrx_word' id='word_1_28' title='bbox 653 965 851 1043; x_wconf 87' lang='lat' dir='ltr'>cupidissima</span> <span class='ocrx_word' id='word_1_29' title='bbox 872 983 954 1038; x_wconf 84' lang='lat' dir='ltr'>cura,</span> 
     </span>
     <span class='ocr_line' id='line_1_7' title="bbox 137 1044 973 1125; baseline 0.002 -18"><span class='ocrx_word' id='word_1_30' title='bbox 137 1044 269 1108; x_wconf 81' lang='lat' dir='ltr'>Naribu&#39;</span> <span class='ocrx_word' id='word_1_31' title='bbox 292 1056 462 1109; x_wconf 77' lang='lat' dir='ltr'>sternentes</span> <span class='ocrx_word' id='word_1_32' title='bbox 482 1049 571 1107; x_wconf 89' lang='lat' dir='ltr'>itiner</span> <span class='ocrx_word' id='word_1_33' title='bbox 592 1049 683 1108; x_wconf 90' lang='lat' dir='ltr'>molle</span> <span class='ocrx_word' id='word_1_34' title='bbox 702 1069 773 1108; x_wconf 85' lang='lat' dir='ltr'>aera</span> <span class='ocrx_word' id='word_1_35' title='bbox 791 1050 950 1122; x_wconf 81' lang='lat' dir='ltr'>blandum3</span> <span class='ocrx_word' id='word_1_36' title='bbox 972 1118 973 1125; x_wconf 8' lang='grc' dir='ltr'>ἵ</span> 
     </span>
     <span class='ocr_line' id='line_1_8' title="bbox 139 1133 954 1211; baseline -0.001 -15"><span class='ocrx_word' id='word_1_37' title='bbox 139 1135 278 1196; x_wconf 76' lang='lat' dir='ltr'>Obsecro</span> <span class='ocrx_word' id='word_1_38' title='bbox 301 1152 357 1191; x_wconf 84' lang='lat' dir='ltr'>ros</span> <span class='ocrx_word' id='word_1_39' title='bbox 379 1133 497 1209; x_wconf 83' lang='lat' dir='ltr'>placido</span> <span class='ocrx_word' id='word_1_40' title='bbox 517 1136 671 1211; x_wconf 80' lang='lat' dir='ltr'>spirantes</span> <span class='ocrx_word' id='word_1_41' title='bbox 693 1135 814 1194; x_wconf 90' lang='lat' dir='ltr'>flamine</span> <span class='ocrx_word' id='word_1_42' title='bbox 836 1136 954 1208; x_wconf 84' lang='lat' dir='ltr'>adeste,</span> 
     </span>
     <span class='ocr_line' id='line_1_9' title="bbox 137 1218 828 1296; baseline -0.001 -17"><span class='ocrx_word' id='word_1_43' title='bbox 137 1219 258 1295; x_wconf 82' lang='lat' dir='ltr'>Aerias,</span> <span class='ocrx_word' id='word_1_44' title='bbox 278 1218 406 1291; x_wconf 85' lang='lat' dir='ltr'>invisae,</span> <span class='ocrx_word' id='word_1_45' title='bbox 427 1220 617 1296; x_wconf 88' lang='lat' dir='ltr'>levipennes,</span> <span class='ocrx_word' id='word_1_46' title='bbox 639 1221 828 1280; x_wconf 87' lang='lat' dir='ltr'>aeriformes.</span> 
     </span>
    </p>
   </div>
   <div class='ocr_carea' id='block_1_4' title="bbox 137 1388 1047 2061">
    <p class='ocr_par' dir='ltr' id='par_1_4' title="bbox 137 1388 1047 2061">
     <span class='ocr_line' id='line_1_10' title="bbox 422 1388 1047 1466; baseline 0.002 -20"><span class='ocrx_word' id='word_1_47' title='bbox 422 1388 526 1448; x_wconf 78' lang='lat' dir='ltr'>Austri</span> <span class='ocrx_word' id='word_1_48' title='bbox 545 1391 683 1466; x_wconf 77' lang='lat' dir='ltr'>suffimen,</span> <span class='ocrx_word' id='word_1_49' title='bbox 708 1400 761 1450; x_wconf 81' lang='lat' dir='ltr'>tas.</span> <span class='ocrx_word' id='word_1_50' title='bbox 1007 1389 1047 1449; x_wconf 81' lang='lat' dir='ltr'>et</span> 
     </span>
     <span class='ocr_line' id='line_1_11' title="bbox 137 1471 856 1548; baseline 0.001 -15"><span class='ocrx_word' id='word_1_51' title='bbox 137 1473 323 1548; x_wconf 83' lang='lat' dir='ltr'>Praecipites</span> <span class='ocrx_word' id='word_1_52' title='bbox 345 1491 448 1546; x_wconf 84' lang='lat' dir='ltr'>aurae,</span> <span class='ocrx_word' id='word_1_53' title='bbox 469 1482 625 1535; x_wconf 75' lang='lat' dir='ltr'>tranantes</span> <span class='ocrx_word' id='word_1_54' title='bbox 647 1471 719 1534; x_wconf 87' lang='lat' dir='ltr'>aeri’</span> <span class='ocrx_word' id='word_1_55' title='bbox 743 1475 856 1548; x_wconf 87' lang='lat' dir='ltr'>caulas,</span> 
     </span>
     <span class='ocr_line' id='line_1_12' title="bbox 137 1558 993 1636; baseline 0 -17"><span class='ocrx_word' id='word_1_56' title='bbox 137 1559 278 1632; x_wconf 84' lang='lat' dir='ltr'>Undique</span> <span class='ocrx_word' id='word_1_57' title='bbox 300 1558 500 1635; x_wconf 88' lang='lat' dir='ltr'>pennipedes,</span> <span class='ocrx_word' id='word_1_58' title='bbox 520 1560 669 1636; x_wconf 82' lang='lat' dir='ltr'>vertigine</span> <span class='ocrx_word' id='word_1_59' title='bbox 689 1569 831 1636; x_wconf 88' lang='lat' dir='ltr'>praepete</span> <span class='ocrx_word' id='word_1_60' title='bbox 853 1567 993 1632; x_wconf 81' lang='lat' dir='ltr'>ovantes,</span> 
     </span>
     <span class='ocr_line' id='line_1_13' title="bbox 138 1639 992 1722; baseline -0.002 -18"><span class='ocrx_word' id='word_1_61' title='bbox 138 1643 245 1704; x_wconf 82' lang='lat' dir='ltr'>Cedite</span> <span class='ocrx_word' id='word_1_62' title='bbox 268 1643 440 1701; x_wconf 86' lang='lat' dir='ltr'>nimborum</span> <span class='ocrx_word' id='word_1_63' title='bbox 460 1651 570 1701; x_wconf 90' lang='lat' dir='ltr'>matres</span> <span class='ocrx_word' id='word_1_64' title='bbox 593 1663 660 1701; x_wconf 91' lang='lat' dir='ltr'>cum</span> <span class='ocrx_word' id='word_1_65' title='bbox 681 1639 846 1722; x_wconf 83' lang='lat' dir='ltr'>ingentibn&#39;</span> <span class='ocrx_word' id='word_1_66' title='bbox 871 1645 992 1704; x_wconf 88' lang='lat' dir='ltr'>nimbis.</span> 
     </span>
     <span class='ocr_line' id='line_1_14' title="bbox 137 1728 897 1804; baseline 0 -16"><span class='ocrx_word' id='word_1_67' title='bbox 137 1729 219 1788; x_wconf 92' lang='lat' dir='ltr'>Nam</span> <span class='ocrx_word' id='word_1_68' title='bbox 238 1728 318 1787; x_wconf 84' lang='lat' dir='ltr'>lovis</span> <span class='ocrx_word' id='word_1_69' title='bbox 341 1729 397 1788; x_wconf 90' lang='lat' dir='ltr'>has</span> <span class='ocrx_word' id='word_1_70' title='bbox 422 1729 510 1788; x_wconf 85' lang='lat' dir='ltr'>vobis</span> <span class='ocrx_word' id='word_1_71' title='bbox 528 1729 626 1787; x_wconf 88' lang='lat' dir='ltr'>finivit</span> <span class='ocrx_word' id='word_1_72' title='bbox 644 1729 676 1786; x_wconf 93' lang='lat' dir='ltr'>in</span> <span class='ocrx_word' id='word_1_73' title='bbox 695 1748 764 1787; x_wconf 88' lang='lat' dir='ltr'>aere</span> <span class='ocrx_word' id='word_1_74' title='bbox 784 1736 897 1804; x_wconf 87' lang='lat' dir='ltr'>partes,</span> 
     </span>
     <span class='ocr_line' id='line_1_15' title="bbox 140 1813 939 1890; baseline -0.003 -16"><span class='ocrx_word' id='word_1_75' title='bbox 140 1813 274 1874; x_wconf 82' lang='lat' dir='ltr'>Caelitus</span> <span class='ocrx_word' id='word_1_76' title='bbox 293 1814 474 1890; x_wconf 88' lang='lat' dir='ltr'>imbriparas</span> <span class='ocrx_word' id='word_1_77' title='bbox 497 1815 593 1873; x_wconf 91' lang='lat' dir='ltr'>nubes</span> <span class='ocrx_word' id='word_1_78' title='bbox 614 1815 786 1889; x_wconf 89' lang='lat' dir='ltr'>permittere</span> <span class='ocrx_word' id='word_1_79' title='bbox 808 1814 847 1872; x_wconf 89' lang='lat' dir='ltr'>ad</span> <span class='ocrx_word' id='word_1_80' title='bbox 869 1814 939 1872; x_wconf 80' lang='lat' dir='ltr'>ima</span> 
     </span>
     <span class='ocr_line' id='line_1_16' title="bbox 139 1898 996 1974; baseline 0.002 -18"><span class='ocrx_word' id='word_1_81' title='bbox 139 1900 202 1958; x_wconf 91' lang='lat' dir='ltr'>Vos</span> <span class='ocrx_word' id='word_1_82' title='bbox 224 1918 329 1974; x_wconf 87' lang='lat' dir='ltr'>precor</span> <span class='ocrx_word' id='word_1_83' title='bbox 350 1899 460 1957; x_wconf 87' lang='lat' dir='ltr'>inferio</span> <span class='ocrx_word' id='word_1_84' title='bbox 482 1899 540 1961; x_wconf 83' lang='lat' dir='ltr'>hoa</span> <span class='ocrx_word' id='word_1_85' title='bbox 563 1906 698 1958; x_wconf 88' lang='lat' dir='ltr'>mactans</span> <span class='ocrx_word' id='word_1_86' title='bbox 720 1899 865 1957; x_wconf 82' lang='lat' dir='ltr'>libamine</span> <span class='ocrx_word' id='word_1_87' title='bbox 885 1898 996 1972; x_wconf 87' lang='lat' dir='ltr'>Divae,</span> 
     </span>
     <span class='ocr_line' id='line_1_17' title="bbox 141 1983 888 2061; baseline 0.003 -20"><span class='ocrx_word' id='word_1_88' title='bbox 141 1983 253 2042; x_wconf 82' lang='lat' dir='ltr'>Terrae</span> <span class='ocrx_word' id='word_1_89' title='bbox 276 1985 364 2042; x_wconf 87' lang='lat' dir='ltr'>matri</span> <span class='ocrx_word' id='word_1_90' title='bbox 389 1985 611 2061; x_wconf 81' lang='lat' dir='ltr'>frugiparentes</span> <span class='ocrx_word' id='word_1_91' title='bbox 635 1984 743 2043; x_wconf 83' lang='lat' dir='ltr'>elicere</span> <span class='ocrx_word' id='word_1_92' title='bbox 764 1985 888 2043; x_wconf 88' lang='lat' dir='ltr'>imbres.</span> 
     </span>
    </p>
   </div>
   <div class='ocr_carea' id='block_1_5' title="bbox 138 2152 1052 2908">
    <p class='ocr_par' dir='ltr' id='par_1_5' title="bbox 138 2152 1052 2908">
     <span class='ocr_line' id='line_1_18' title="bbox 378 2152 1049 2229; baseline 0 -18"><span class='ocrx_word' id='word_1_93' title='bbox 378 2152 485 2211; x_wconf 80' lang='lat' dir='ltr'>Oceani</span> <span class='ocrx_word' id='word_1_94' title='bbox 506 2155 647 2229; x_wconf 79' lang='lat' dir='ltr'>suffimen,</span> <span class='ocrx_word' id='word_1_95' title='bbox 668 2165 809 2213; x_wconf 79' lang='lat' dir='ltr'>aromata.</span> <span class='ocrx_word' id='word_1_96' title='bbox 1008 2154 1049 2214; x_wconf 80' lang='lat'>82</span> 
     </span>
     <span class='ocr_line' id='line_1_19' title="bbox 141 2238 911 2315; baseline 0 -18"><span class='ocrx_word' id='word_1_97' title='bbox 141 2239 186 2297; x_wconf 86' lang='lat' dir='ltr'>Te</span> <span class='ocrx_word' id='word_1_98' title='bbox 203 2258 333 2297; x_wconf 89' lang='lat' dir='ltr'>veneror</span> <span class='ocrx_word' id='word_1_99' title='bbox 353 2246 441 2315; x_wconf 88' lang='lat' dir='ltr'>pater</span> <span class='ocrx_word' id='word_1_100' title='bbox 459 2238 592 2311; x_wconf 86' lang='lat' dir='ltr'>Oceane,</span> <span class='ocrx_word' id='word_1_101' title='bbox 614 2240 791 2297; x_wconf 86' lang='lat' dir='ltr'>immortalis</span> <span class='ocrx_word' id='word_1_102' title='bbox 814 2238 911 2315; x_wconf 84' lang='lat' dir='ltr'>origo,</span> 
     </span>
     <span class='ocr_line' id='line_1_20' title="bbox 139 2323 1051 2397; baseline -0.002 -16"><span class='ocrx_word' id='word_1_103' title='bbox 139 2323 335 2397; x_wconf 87' lang='lat' dir='ltr'>Naturaeque</span> <span class='ocrx_word' id='word_1_104' title='bbox 347 2323 448 2380; x_wconf 79' lang='lat' dir='ltr'>Derim</span> <span class='ocrx_word' id='word_1_105' title='bbox 469 2333 620 2395; x_wconf 83' lang='lat' dir='ltr'>aeternae,</span> <span class='ocrx_word' id='word_1_106' title='bbox 642 2333 673 2380; x_wconf 90' lang='lat' dir='ltr'>et</span> <span class='ocrx_word' id='word_1_107' title='bbox 692 2323 864 2383; x_wconf 84' lang='lat' dir='ltr'>mortalium</span> <span class='ocrx_word' id='word_1_108' title='bbox 876 2323 1051 2395; x_wconf 89' lang='lat' dir='ltr'>homonum,</span> 
     </span>
     <span class='ocr_line' id='line_1_21' title="bbox 139 2407 886 2482; baseline -0.001 -18"><span class='ocrx_word' id='word_1_109' title='bbox 139 2407 199 2482; x_wconf 78' lang='lat' dir='ltr'>Qui</span> <span class='ocrx_word' id='word_1_110' title='bbox 221 2408 391 2465; x_wconf 85' lang='lat' dir='ltr'>circunflnis</span> <span class='ocrx_word' id='word_1_111' title='bbox 415 2407 550 2465; x_wconf 83' lang='lat' dir='ltr'>anfracta</span> <span class='ocrx_word' id='word_1_112' title='bbox 571 2408 756 2466; x_wconf 86' lang='lat' dir='ltr'>ambarvalia</span> <span class='ocrx_word' id='word_1_113' title='bbox 776 2415 886 2478; x_wconf 90' lang='lat' dir='ltr'>terrae,</span> 
     </span>
     <span class='ocr_line' id='line_1_22' title="bbox 138 2490 1052 2567; baseline -0.003 -15"><span class='ocrx_word' id='word_1_114' title='bbox 138 2492 228 2552; x_wconf 88' lang='lat' dir='ltr'>Unde</span> <span class='ocrx_word' id='word_1_115' title='bbox 251 2508 346 2567; x_wconf 84' lang='lat' dir='ltr'>genus</span> <span class='ocrx_word' id='word_1_116' title='bbox 367 2491 538 2563; x_wconf 88' lang='lat' dir='ltr'>fluviorum,</span> <span class='ocrx_word' id='word_1_117' title='bbox 559 2492 638 2549; x_wconf 89' lang='lat' dir='ltr'>unde</span> <span class='ocrx_word' id='word_1_118' title='bbox 659 2499 689 2548; x_wconf 93' lang='lat' dir='ltr'>et</span> <span class='ocrx_word' id='word_1_119' title='bbox 711 2490 930 2549; x_wconf 87' lang='lat' dir='ltr'>salimarmoris</span> <span class='ocrx_word' id='word_1_120' title='bbox 953 2491 1052 2549; x_wconf 86' lang='lat' dir='ltr'>undae</span> 
     </span>
     <span class='ocr_line' id='line_1_23' title="bbox 139 2574 995 2654; baseline -0.001 -17"><span class='ocrx_word' id='word_1_121' title='bbox 139 2580 238 2651; x_wconf 84' lang='lat' dir='ltr'>Atque</span> <span class='ocrx_word' id='word_1_122' title='bbox 263 2574 324 2632; x_wconf 88' lang='lat' dir='ltr'>alid</span> <span class='ocrx_word' id='word_1_123' title='bbox 343 2575 375 2632; x_wconf 91' lang='lat' dir='ltr'>in</span> <span class='ocrx_word' id='word_1_124' title='bbox 396 2582 477 2633; x_wconf 90' lang='lat' dir='ltr'>terra</span> <span class='ocrx_word' id='word_1_125' title='bbox 496 2576 700 2634; x_wconf 86' lang='lat' dir='ltr'>scatebrarum</span> <span class='ocrx_word' id='word_1_126' title='bbox 722 2575 858 2652; x_wconf 84' lang='lat' dir='ltr'>ignobile</span> <span class='ocrx_word' id='word_1_127' title='bbox 876 2575 995 2654; x_wconf 86' lang='lat' dir='ltr'>volgus,</span> 
     </span>
     <span class='ocr_line' id='line_1_24' title="bbox 139 2658 930 2738; baseline -0.001 -18"><span class='ocrx_word' id='word_1_128' title='bbox 139 2662 186 2720; x_wconf 85' lang='lat' dir='ltr'>Te</span> <span class='ocrx_word' id='word_1_129' title='bbox 204 2661 354 2720; x_wconf 83' lang='lat' dir='ltr'>Februum</span> <span class='ocrx_word' id='word_1_130' title='bbox 378 2660 504 2719; x_wconf 86' lang='lat' dir='ltr'>lustrale</span> <span class='ocrx_word' id='word_1_131' title='bbox 523 2679 666 2720; x_wconf 86' lang='lat' dir='ltr'>vocamus</span> <span class='ocrx_word' id='word_1_132' title='bbox 689 2658 930 2738; x_wconf 79' lang='lat' dir='ltr'>(laeligsnarnm,</span> 
     </span>
     <span class='ocr_line' id='line_1_25' title="bbox 139 2745 913 2822; baseline -0.003 -16"><span class='ocrx_word' id='word_1_133' title='bbox 139 2747 225 2806; x_wconf 87' lang='lat' dir='ltr'>Finis</span> <span class='ocrx_word' id='word_1_134' title='bbox 248 2745 377 2818; x_wconf 92' lang='lat' dir='ltr'>telluris,</span> <span class='ocrx_word' id='word_1_135' title='bbox 397 2764 501 2822; x_wconf 83' lang='lat' dir='ltr'>margo</span> <span class='ocrx_word' id='word_1_136' title='bbox 524 2745 641 2821; x_wconf 85' lang='lat' dir='ltr'>amplae</span> <span class='ocrx_word' id='word_1_137' title='bbox 660 2745 779 2804; x_wconf 85' lang='lat' dir='ltr'>fornici&#39;</span> <span class='ocrx_word' id='word_1_138' title='bbox 799 2746 913 2819; x_wconf 89' lang='lat' dir='ltr'>mnndi,</span> 
     </span>
     <span class='ocr_line' id='line_1_26' title="bbox 139 2831 951 2908; baseline -0.002 -18"><span class='ocrx_word' id='word_1_139' title='bbox 139 2831 210 2907; x_wconf 87' lang='lat' dir='ltr'>Huc</span> <span class='ocrx_word' id='word_1_140' title='bbox 231 2831 367 2907; x_wconf 88' lang='lat' dir='ltr'>placidus</span> <span class='ocrx_word' id='word_1_141' title='bbox 389 2832 494 2890; x_wconf 88' lang='lat' dir='ltr'>venias</span> <span class='ocrx_word' id='word_1_142' title='bbox 518 2849 621 2890; x_wconf 90' lang='lat' dir='ltr'>sacrae</span> <span class='ocrx_word' id='word_1_143' title='bbox 642 2831 813 2908; x_wconf 84' lang='lat' dir='ltr'>gratissime</span> <span class='ocrx_word' id='word_1_144' title='bbox 836 2831 951 2889; x_wconf 89' lang='lat' dir='ltr'>turbae.</span> 
     </span>
    </p>
   </div>
   <div class='ocr_carea' id='block_1_6' title="bbox 140 2999 1052 3674">
    <p class='ocr_par' dir='ltr' id='par_1_6' title="bbox 140 2999 1052 3674">
     <span class='ocr_line' id='line_1_27' title="bbox 356 2999 1052 3076; baseline -0.003 -17"><span class='ocrx_word' id='word_1_145' title='bbox 356 3038 359 3045; x_wconf 36' lang='grc' dir='ltr'>ι</span> <span class='ocrx_word' id='word_1_146' title='bbox 383 3001 487 3059; x_wconf 77' lang='lat' dir='ltr'>Vestae</span> <span class='ocrx_word' id='word_1_147' title='bbox 506 3002 646 3076; x_wconf 76' lang='lat' dir='ltr'>suffimen,</span> <span class='ocrx_word' id='word_1_148' title='bbox 666 3010 808 3059; x_wconf 83' lang='lat' dir='ltr'>aromata.</span> <span class='ocrx_word' id='word_1_149' title='bbox 1010 2999 1052 3058; x_wconf 81' lang='lat'>83</span> 
     </span>
     <span class='ocr_line' id='line_1_28' title="bbox 140 3085 902 3161; baseline -0.003 -17"><span class='ocrx_word' id='word_1_150' title='bbox 140 3086 258 3144; x_wconf 86' lang='lat' dir='ltr'>Inclnta</span> <span class='ocrx_word' id='word_1_151' title='bbox 277 3086 382 3159; x_wconf 88' lang='lat' dir='ltr'>Vesta,</span> <span class='ocrx_word' id='word_1_152' title='bbox 405 3087 489 3146; x_wconf 89' lang='lat' dir='ltr'>senis</span> <span class='ocrx_word' id='word_1_153' title='bbox 512 3085 635 3147; x_wconf 87' lang='lat' dir='ltr'>Saturni</span> <span class='ocrx_word' id='word_1_154' title='bbox 655 3092 738 3144; x_wconf 88' lang='lat' dir='ltr'>casta</span> <span class='ocrx_word' id='word_1_155' title='bbox 756 3103 902 3161; x_wconf 83' lang='lat' dir='ltr'>propago,</span> 
     </span>
     <span class='ocr_line' id='line_1_29' title="bbox 141 3169 1028 3247; baseline -0.005 -18"><span class='ocrx_word' id='word_1_156' title='bbox 141 3170 227 3244; x_wconf 77' lang='lat' dir='ltr'>Quae</span> <span class='ocrx_word' id='word_1_157' title='bbox 247 3171 338 3231; x_wconf 88' lang='lat' dir='ltr'>nimis</span> <span class='ocrx_word' id='word_1_158' title='bbox 360 3172 530 3247; x_wconf 90' lang='lat' dir='ltr'>irrequietis</span> <span class='ocrx_word' id='word_1_159' title='bbox 553 3173 647 3230; x_wconf 87' lang='lat' dir='ltr'>habes</span> <span class='ocrx_word' id='word_1_160' title='bbox 669 3169 837 3231; x_wconf 86' lang='lat' dir='ltr'>meditullia</span> <span class='ocrx_word' id='word_1_161' title='bbox 858 3169 1028 3240; x_wconf 73' lang='lat' dir='ltr'>flammae„</span> 
     </span>
     <span class='ocr_line' id='line_1_30' title="bbox 140 3254 941 3336; baseline -0.002 -22"><span class='ocrx_word' id='word_1_162' title='bbox 140 3256 247 3315; x_wconf 83' lang='lat' dir='ltr'>Hosne</span> <span class='ocrx_word' id='word_1_163' title='bbox 267 3256 322 3315; x_wconf 92' lang='lat' dir='ltr'>tibi</span> <span class='ocrx_word' id='word_1_164' title='bbox 341 3276 432 3336; x_wconf 89' lang='lat' dir='ltr'>puros</span> <span class='ocrx_word' id='word_1_165' title='bbox 454 3265 590 3332; x_wconf 85' lang='lat' dir='ltr'>praestes</span> <span class='ocrx_word' id='word_1_166' title='bbox 613 3257 652 3313; x_wconf 88' lang='lat' dir='ltr'>ad</span> <span class='ocrx_word' id='word_1_167' title='bbox 674 3274 759 3317; x_wconf 89' lang='lat' dir='ltr'>sacra</span> <span class='ocrx_word' id='word_1_168' title='bbox 775 3254 941 3325; x_wconf 85' lang='lat' dir='ltr'>ministros,</span> 
     </span>
     <span class='ocr_line' id='line_1_31' title="bbox 140 3341 918 3418; baseline -0.005 -18"><span class='ocrx_word' id='word_1_169' title='bbox 140 3341 313 3415; x_wconf 82' lang='lat' dir='ltr'>Florentes,</span> <span class='ocrx_word' id='word_1_170' title='bbox 334 3345 422 3415; x_wconf 83' lang='lat' dir='ltr'>dites,</span> <span class='ocrx_word' id='word_1_171' title='bbox 445 3349 616 3416; x_wconf 88' lang='lat' dir='ltr'>castosque,</span> <span class='ocrx_word' id='word_1_172' title='bbox 639 3350 669 3400; x_wconf 86' lang='lat' dir='ltr'>et</span> <span class='ocrx_word' id='word_1_173' title='bbox 689 3348 813 3418; x_wconf 86' lang='lat' dir='ltr'>pectora</span> <span class='ocrx_word' id='word_1_174' title='bbox 833 3359 918 3415; x_wconf 88' lang='lat' dir='ltr'>puro.</span> 
     </span>
     <span class='ocr_line' id='line_1_32' title="bbox 141 3423 1052 3499; baseline -0.002 -16"><span class='ocrx_word' id='word_1_175' title='bbox 141 3424 211 3484; x_wconf 88' lang='lat' dir='ltr'>Huc</span> <span class='ocrx_word' id='word_1_176' title='bbox 232 3427 305 3485; x_wconf 85' lang='lat' dir='ltr'>ades</span> <span class='ocrx_word' id='word_1_177' title='bbox 325 3428 467 3489; x_wconf 81' lang='lat' dir='ltr'>oDivlim</span> <span class='ocrx_word' id='word_1_178' title='bbox 486 3435 628 3486; x_wconf 85' lang='lat' dir='ltr'>constans</span> <span class='ocrx_word' id='word_1_179' title='bbox 639 3426 817 3486; x_wconf 85' lang='lat' dir='ltr'>fulmentum</span> <span class='ocrx_word' id='word_1_180' title='bbox 826 3423 1052 3499; x_wconf 88' lang='lat' dir='ltr'>hominumque.</span> 
     </span>
     <span class='ocr_line' id='line_1_33' title="bbox 141 3508 1033 3587; baseline 0 -18"><span class='ocrx_word' id='word_1_181' title='bbox 141 3511 350 3587; x_wconf 83' lang='lat' dir='ltr'>Multipoteus,</span> <span class='ocrx_word' id='word_1_182' title='bbox 374 3522 506 3586; x_wconf 88' lang='lat' dir='ltr'>aeterna,</span> <span class='ocrx_word' id='word_1_183' title='bbox 528 3520 558 3571; x_wconf 90' lang='lat' dir='ltr'>et</span> <span class='ocrx_word' id='word_1_184' title='bbox 581 3512 731 3585; x_wconf 82' lang='lat' dir='ltr'>amabilis,</span> <span class='ocrx_word' id='word_1_185' title='bbox 752 3519 841 3587; x_wconf 90' lang='lat' dir='ltr'>atque</span> <span class='ocrx_word' id='word_1_186' title='bbox 861 3508 1033 3586; x_wconf 69' lang='lat' dir='ltr'>opiformia</span> 
     </span>
     <span class='ocr_line' id='line_1_34' title="bbox 141 3595 1005 3674; baseline 0.002 -19"><span class='ocrx_word' id='word_1_187' title='bbox 141 3595 258 3655; x_wconf 86' lang='lat' dir='ltr'>Ridens</span> <span class='ocrx_word' id='word_1_188' title='bbox 280 3606 369 3672; x_wconf 88' lang='lat' dir='ltr'>atque</span> <span class='ocrx_word' id='word_1_189' title='bbox 390 3601 487 3672; x_wconf 84' lang='lat' dir='ltr'>beata,</span> <span class='ocrx_word' id='word_1_190' title='bbox 511 3598 578 3658; x_wconf 80' lang='lat' dir='ltr'>tave</span> <span class='ocrx_word' id='word_1_191' title='bbox 600 3597 808 3674; x_wconf 86' lang='lat' dir='ltr'>placidissima</span> <span class='ocrx_word' id='word_1_192' title='bbox 830 3595 936 3668; x_wconf 83' lang='lat' dir='ltr'>sacris,</span> <span class='ocrx_word' id='word_1_193' title='bbox 1002 3644 1005 3657; x_wconf 90' lang='lat'>.</span> 
     </span>
    </p>
   </div>
   <div class='ocr_carea' id='block_1_7' title="bbox 0 0 1310 4210">
    <p class='ocr_par' dir='ltr' id='par_1_7' title="bbox 0 0 1310 4210">
     <span class='ocr_line' id='line_1_35' title="bbox 0 0 1310 4210; baseline 0 0"><span class='ocrx_word' id='word_1_194' title='bbox 0 0 1310 4210; x_wconf 95' lang='lat' dir='ltr'> </span> 
     </span>
    </p>
   </div>
  </div>
 </body>
</html>
