2502 4218
637 293 928 417 —ffl-u.

257 487 333 550 Sero
356 496 513 564 parentem
532 496 562 546 te
581 489 680 549 fuisse
700 491 825 569 cogitas.

256 571 353 646 Quem
372 592 433 632 non
454 574 566 632 habere
589 575 743 634 sentiebas
764 584 795 634 te
814 577 911 653 prius,

255 657 432 723 Amissione
453 659 480 717 is
504 657 604 717 carior
624 659 722 718 factus
744 660 800 719 tibi
823 670 878 719 cst.

257 742 349 819 Quod
372 743 451 814 siin
473 743 612 802 dolorem
632 744 676 802 nil
697 745 786 802 amici
807 765 972 822 possumus

255 833 318 888 Aut
338 827 527 902 alloquendo,
550 837 602 887 aut
623 830 820 906 increpando:
841 839 873 889 at
893 850 1001 891 aureus

256 913 331 972 Flos
354 912 529 986 liberorum,
552 915 604 990 qui
627 923 784 991 superstes
806 925 924 975 mortuo
947 925 1005 990 est,
1049 978 1052 983 ,

256 996 469 1070 Quotidianam
489 999 590 1057 demat
611 999 840 1076 aegrimoniam.

257 1081 376 1142 Gnatos
397 1083 556 1160 ademptos
579 1084 630 1159 qui
648 1084 739 1143 nimis
761 1085 925 1159 desiderat,

255 1167 427 1229 Iniurioeus
450 1168 482 1226 in
503 1168 627 1229 relictos
649 1178 696 1229 eet
717 1178 812 1245 pater.

260 1337 309 1396 14.
354 1337 441 1412 Quae
462 1357 520 1396 non
544 1337 718 1412 relinquunt
739 1340 874 1416 corporis
897 1340 1037 1418 vestigia,

256 1420 326 1480 Non
347 1440 425 1496 quae
448 1422 567 1482 otiosos
591 1422 716 1481 culcitae
739 1425 914 1498 absorbent,
937 1444 1016 1499 ama,

257 1505 343 1580 Quos
364 1507 507 1565 anserina
528 1507 659 1565 molliter
680 1509 737 1583 sub
759 1510 902 1587 stragulis

256 1591 392 1650 Medulla
415 1593 518 1651 condit
539 1591 571 1650 in
592 1593 754 1669 sepulchro
772 1593 902 1671 plumeo.

258 1672 349 1750 Tun’‚
369 1676 509 1735 militanti
532 1678 580 1735 cui
600 1678 767 1755 parabilem
792 1688 891 1738 torum

256 1761 378 1822 Humus
402 1763 562 1835 ministret,
591 1773 681 1839 atque
707 1761 837 1823 cervical
858 1765 956 1824 silex:

258 1847 357 1923 Quem
379 1848 529 1907 sustinere
549 1850 604 1906 sub
628 1849 703 1907 Iove
725 1867 761 1906 ac
784 1851 839 1908 sub
864 1849 995 1925 pellibus

200 1976 203 1982 .
256 1931 374 1990 Paluda
393 1951 494 2004 caesa,
516 1932 565 1990 vel
586 1932 722 2008 maniplo
745 1934 864 2006 caricis,

257 2014 358 2094 Caput
375 2016 489 2074 recline
511 2026 600 2093 coget
623 2036 776 2081 armorum
797 2018 896 2093 labor,

256 2101 391 2160 Pulvilla
407 2100 491 2172 laxa,
514 2100 604 2159 molle
624 2109 791 2183 tomentum
812 2106 927 2180 premis

256 2186 359 2244 Durae
378 2185 551 2262 palaestrae
572 2186 721 2245 dedicatis
741 2189 890 2251 artubus?

255 2271 361 2329 Labor
380 2271 437 2329 tibi
457 2289 491 2330 se
512 2271 655 2344 vindicat,
674 2291 737 2329 non
759 2273 863 2332 otium.

257 2353 415 2415 Structura
432 2355 504 2413 lecti
526 2365 574 2417 est
596 2366 741 2430 stramen,
766 2366 857 2435 atque
879 2360 996 2417 culcita.

256 2440 344 2499 Haec
365 2441 536 2518 partiantur
556 2442 662 2515 otium,
685 2453 715 2500 et
738 2443 827 2502 labos
849 2443 916 2525 sibi,

258 2524 305 2586 Sit
326 2527 381 2585 hcc
404 2526 528 2597 laboris,
550 2527 605 2585 illa
622 2528 709 2586 cedat
729 2529 797 2587 ctio.

260 2696 308 2754 15.
352 2698 490 2754 Marcone
513 2715 624 2774 segnes
645 2710 736 2775 atque
755 2697 853 2756 omasi
878 2699 998 2756 sarcina

257 2779 396 2858 Castigat
416 2788 499 2840 artus
519 2783 625 2859 regula
644 2792 674 2842 et
694 2783 863 2861 frugalitas,

256 2866 338 2924 Male
356 2866 513 2926 tussientis
532 2869 671 2926 corticem
692 2866 865 2944 corpusculi

256 2951 369 3010 Diaeta
389 2952 532 3023 inaudax,
552 2953 717 3027 viriumque
738 2952 880 3012 conscius

256 3036 362 3099 Victus
385 3045 493 3095 tuetur.
514 3036 602 3095 Vitae
624 3038 794 3096 inoffensus
817 3045 903 3095 tenor

256 3122 379 3199 Integra
398 3123 533 3180 membra
555 3122 636 3180 ducit
655 3122 695 3179 ad
714 3123 828 3193 calcem
846 3122 992 3194 ultimam,

257 3204 292 3267 Si
310 3207 356 3265 nil
375 3208 498 3266 inventa
518 3207 611 3265 stulta
633 3208 782 3267 conscivit
804 3207 874 3279 sibi,

256 3291 378 3351 Effoeta
397 3293 533 3349 membra
554 3311 606 3350 cur
629 3301 770 3350 senectae
789 3292 930 3350 traderet.

257 3374 358 3448 Quare
379 3376 507 3435 lacessis
529 3377 685 3451 questibus
708 3378 827 3437 caelum
850 3376 921 3449 tuis,

258 3459 349 3535 Quod
368 3460 458 3518 dubia
479 3469 509 3518 et
528 3479 642 3537 anceps
662 3463 786 3523 fluctuat
804 3462 888 3539 salus
906 3461 973 3534 tibi,

258 3544 359 3620 Quum
379 3544 519 3605 sanitatis
539 3546 667 3623 quisque
686 3550 727 3608 sit
747 3549 841 3607 faber.
857 3546 954 3606 suae?
