2586 4214
687 356 750 417 280

263 528 280 595 ζ
288 525 358 604 (70)
549 521 670 585 trecea
694 520 883 605 θηλυτέρων.

260 612 353 672 Forte
374 610 449 669 duas
474 610 553 669 inter
573 611 671 683 solus,
693 611 869 684 mediusque
896 608 1055 668 sedebam:

303 696 393 754 Illam
417 695 571 769 ardebam,
593 696 672 754 hanc
691 716 754 754 non
776 694 898 753 laedere
919 700 1021 755 certus
1044 714 1133 756 erem.

260 784 370 856 Meque
391 781 529 840 trahebat
550 799 672 839 amans:
694 800 751 858 ego
776 778 962 838 ferebundus
983 789 1015 838 at
1037 781 1090 839 isti

303 864 377 925 Non
399 866 471 924 totis
491 866 585 925 labris
607 864 714 925 oscula
734 883 829 942 parea
849 864 973 922 dabam:

262 951 397 1013 Alterius
419 950 531 1011 fallens
554 952 694 1010 ardorem
717 950 844 1023 scilicet,
868 949 932 1008 eius

302 1035 434 1096 Discidii
455 1055 581 1096 caussas
605 1036 725 1094 aemula
745 1036 840 1094 verba
860 1034 981 1095 timens.

260 1121 410 1199 Ingemui,
433 1120 559 1199 dixique
578 1120 679 1194 simul,
702 1119 857 1180 Fortassis
880 1119 977 1177 amari

303 1207 444 1281 Undique
465 1207 648 1285 supplicium
671 1225 737 1283 par,
760 1213 790 1264 et
808 1224 921 1278 amare,
940 1204 1015 1262 mihi
1033 1210 1089 1264 est

263 1374 363 1451 ζ(71)
549 1369 591 1434 Ἣ
612 1372 710 1454 πάρος
734 1370 888 1453 ἀγλαΐῃσι.

261 1459 323 1518 Illa
343 1460 426 1534 prius
445 1460 534 1549 fastu¹
547 1467 683 1538 turgens,
705 1460 818 1517 iactare
837 1458 966 1535 capillos

307 1542 401 1605 Sueta
420 1545 516 1621 prius,
541 1544 629 1619 pexis
649 1544 704 1601 illa
726 1545 859 1621 superba
879 1543 988 1614 comis,

262 1627 356 1689 Sueto
377 1630 453 1689 meis
475 1629 636 1688 desideriis
659 1629 797 1703 illudere,
820 1629 950 1687 formam

302 1714 456 1789 Perdidit:
480 1715 550 1773 huic
571 1715 685 1792 digitos
707 1734 785 1792 ruga
804 1713 910 1773 senilis
933 1720 1009 1771 arat.

259 1798 364 1859 Ubera
384 1801 555 1874 subsidunt,
581 1800 688 1859 cecidit
706 1801 804 1873 frons,
831 1799 946 1857 lumina
965 1805 1113 1870 marcent,

302 1888 432 1945 Annoso
454 1886 585 1943 titubant
606 1886 698 1943 belbe
716 1885 830 1944 labello
853 1903 941 1944 sono.

262 1968 416 2030 (laniciem
435 1970 548 2028 vindex
567 1988 644 2028 voco
668 1990 779 2028 numen
801 1969 934 2029 Amoris.
958 1977 989 2026 et
1009 1988 1138 2045 aequum

303 2055 431 2127 Iudicat,
453 2063 482 2112 et
504 2054 627 2113 tumidis
653 2063 776 2114 strenua
799 2074 902 2133 poena
921 2054 1013 2112 venit.

263 2219 359 2296 ((72)
544 2218 629 2301 Aburi
657 2241 709 2301 μοι
731 2218 898 2301 Κυθέρεια.

261 2304 301 2363 Et
322 2303 480 2381 Cytherea,
492 2315 614 2384 potens,
641 2317 671 2366 et
692 2311 838 2368 Amorum
860 2308 988 2367 candida
1009 2309 1100 2366 turba

304 2390 340 2448 In
362 2392 462 2449 tabem
487 2392 691 2452 solventium
713 2411 766 2454 cor
787 2396 880 2452 inane
897 2394 981 2452 mihi.

261 2474 332 2535 Nou
351 2477 460 2552 patiar,
484 2496 595 2554 pueros
616 2498 747 2556 propero
770 2480 796 2539 si
819 2479 929 2538 stultus
950 2496 1068 2537 amare:

303 2561 388 2619 Labe
411 2562 512 2635 etiam,
535 2582 595 2638 qua
615 2584 677 2623 non
700 2564 818 2641 turpior
842 2564 916 2638 ulla,
940 2563 1057 2621 cadam.

260 2643 332 2706 Una
354 2645 449 2705 sitin
472 2647 590 2724 culpam
612 2650 720 2707 mulier
742 2650 833 2709 satis:
856 2650 913 2707 hac
933 2669 989 2726 ego
1012 2666 1148 2724 peccem,

303 2729 464 2789 Pittalace.
485 2735 526 2790 At
546 2752 672 2810 pueros,
697 2734 800 2807 stulte,
820 2733 960 2811 relinquo
984 2733 1049 2791 tibi.

263 2899 360 2976 ((73)
504 2894 549 2961 'H
569 2898 608 2981 ῥά
627 2921 662 2980 γε
682 2900 733 2963 καὶ
757 2899 792 2963 cb
818 2898 957 2962 Φιλιννα.

260 2986 310 3043 An
331 2985 482 3045 desiderio
504 3004 572 3044 mea
594 2989 729 3065 tangeris
751 3007 823 3065 crgo
844 2986 1010 3046 Philinna?

303 3071 447 3148 Langues
471 3072 627 3133 exhaustis
646 3073 750 3131 tabida
770 3071 934 3131 luminibus
945 3071 977 3130 i’

261 3158 311 3219 Au
332 3155 470 3231 placidos
491 3157 588 3235 carpis
610 3177 745 3230 somnos,
767 3166 797 3216 et
817 3158 919 3216 nullus
937 3155 1062 3215 Amoris

303 3240 495 3317 Respectus:
518 3260 607 3299 curae
630 3260 701 3300 cura
725 3261 781 3301 nec
797 3243 860 3301 ulla
882 3261 968 3300 meae
988 3242 1058 3301 eet?
1099 3298 1107 3311 ,

261 3325 433 3400 Expectant
447 3334 478 3385 te
498 3344 590 3385 saeva
611 3326 705 3400 vices,
732 3329 914 3403 flentemque
936 3326 1047 3385 videbo

304 3409 405 3469 Imbre
429 3430 484 3488 per
505 3409 645 3488 indiguas
665 3431 761 3487 usque
781 3413 908 3471 cedente
928 3430 1033 3489 genas.

260 3493 299 3552 In
320 3495 423 3555 multis
444 3497 549 3554 Venus
574 3503 621 3554 est
642 3498 759 3556 vamum
782 3505 812 3556 et
831 3497 987 3556 mutabile.
1010 3497 1079 3556 solo
1100 3499 1157 3557 hoc

304 3579 444 3640 Eximio:
465 3581 554 3641 elatis
578 3598 700 3658 semper
721 3583 826 3659 iniqua
846 3582 912 3642 fuit.
