2560 4216
500 337 651 432 3⁴}-

123 526 170 587 μς.
180 500 300 589 Μοάνιμ
314 500 412 586 ἀθυρε
433 501 546 588 τρόχιμ.
560 502 695 588 Κυβείαν
716 490 816 565 πᾶσαν
829 502 956 567 ἀλεόοο.
982 507 1031 587 μζ.

120 585 277 672 μη.Ἰσχόί’
291 586 387 671 μηδὲν
401 587 549 672 ἐπίτρεπ’.
571 585 744 653 Ἐλάσσονα
757 588 797 670 μὴ
812 587 947 671 ἀθέριζε.
979 589 1031 672 μθ.

121 693 146 735 ν.
176 671 364 756 Ἀλλοτρίων
383 673 518 735 κτεάνων
532 675 573 757 μή
586 697 621 736 σε
636 671 750 758 φρένας
760 671 866 756 ἵμερος
879 670 976 736 ἔλθοι.

121 778 167 819 να
176 754 239 839 Τὴν
260 755 395 840 γαμετὴν
415 756 469 838 σὴν
487 757 706 842 ἀμφαγάπαίε.
730 753 777 860 Τβι
794 756 942 819 τέκναδι-
985 759 1033 843 νβ.

116 922 228 1008 ’νγὋν
241 923 318 987 θέσο
330 925 457 1009 θεσμόν,
466 923 579 1008 ἔνεγκε.
604 928 700 988 Λάλει
713 841 885 1008 argaman}
896 926 965 1011 βρά-
986 928 1032 989 νδ.

728 1032 851 1094 χιστα..

121 1114 164 1157 νε.
175 1091 270 1156 Ταῦθ’
280 1093 541 1175 έρδειν,δδίκαιον
549 1091 687 1178 ἔφυ.Τδν
699 1092 801 1178 ἔρωτα
811 1092 914 1179 φέρειν
922 1091 968 1157 εὖ.
987 1116 1032 1164 νς.

390 1258 561 1326 ΒΙΒΛΙΟΝ
580 1258 759 1326 ΠΡΩΤΟΝ.

122 1348 161 1412 Α.
207 1343 246 1410 Εἰ
268 1344 348 1414 Θεός
369 1345 433 1408 έστι
454 1351 536 1426 νοῦς,
560 1350 602 1414 ἀνς
625 1346 766 1430 θέσφατα
788 1349 863 1434 φησὶ
881 1350 1034 1425 παλαιῶν,

206 1428 268 1493 Καὶ
284 1429 321 1517 σῦ
337 1429 414 1513 μάλ’
430 1431 583 1499 ἐνδυκέως
595 1431 726 1516 καθαρῷ
739 1434 796 1513 νοΐ,
820 1433 909 1495 τόνδε
921 1432 1033 1517 σέβιζε.

121 1516 159 1582 Β.
209 1513 252 1577 Τδ
269 1512 363 1578 πλέον
377 1515 532 1599 ἀγρύπνει,
549 1516 590 1598 μὴ
601 1515 741 1599 ἀμέτρως
754 1519 784 1580 δ’
800 1517 863 1580 ἴσθι
876 1518 1033 1600 φιλυπνος.

204 1598 245 1663 Ἡ
259 1601 359 1684 μακρίγ
372 1602 403 1681 γ’
418 1601 582 1663 ἀνάπαυλα
596 1601 714 1684 τροφὴν
730 1602 882 1664 ταθέεσσι
895 1605 1033 1685 χογργεῖ.

121 1685 156 1750 Γ.
205 1682 333 1768 Πρώτγν
357 1692 417 1747 τῶν
438 1685 554 1764 ἀρετῶν
572 1686 650 1766 ἡγοῦ
662 1685 715 1767 τὴν
731 1688 873 1765 γλῶσσαν
887 1684 1033 1769 ἐπισχεῖν.

200 1769 293 1852 ’Άγχι
307 1769 390 1832 θεοῦ
413 1769 470 1852 γὰρ
497 1769 624 1844 ἐκεῖνος,
648 1769 682 1835 ὃς
704 1768 787 1832 οἶδεν
808 1770 912 1854 καίρια
939 1773 1034 1852 σιγᾷν.

121 1856 156 1918 Δ.
198 1851 351 1937 Ῥήμασιν
375 1852 545 1935 ἀντιλόγοις
565 1852 606 1937 μὴ
629 1853 764 1923 ἐναντίος
787 1853 851 1917 ’ίσθι
873 1858 1003 1938 σεαυτῷ.

184 1936 320 2003 Ὀὐδενὶ
343 1938 554 2023 συμφωνήσει,
574 1938 608 2005 δς
629 1936 664 1999 οῦ
687 1943 851 2025 συμφωνεῖ
872 1939 984 2022 ἑαυτῷ.

121 2021 157 2089 Ε.
201 2021 257 2086 Ἢν
270 2022 335 2087 ποτ’
351 2023 383 2090 ἐς
394 2023 567 2105 ἀνθρώπων
580 2023 688 2105 ἐσίδῃς
700 2022 866 2108 βίον,ἤθεα
877 2024 903 2085 τ’
918 2022 1035 2085 αὐτῶν·

128 2152 131 2157 -
208 2104 275 2190 Κῇν
289 2106 377 2170 αὐτοὶ
388 2106 675 2190 μωμῷντ”ἀλλους,
687 2113 746 2170 τῶν
761 2108 791 2172 δ’
806 2107 1034 2191 οότιςάμωμος.

119 2217 149 2264 ς.
203 2188 1036 2278 Κτησάμενοςβλαβερόντι,καλεἰφιλονἐστλμιαραιτοῦ.

202 2273 290 2340 Ἔσθ’
299 2276 747 2360 ότιδεῖττλοότοιοτάσόμφορα
756 2278 890 2362 πρόσθεν
902 2276 1037 2340 ἑλέσθαι.

121 2362 157 2427 Ζ.
200 2359 257 2430 Ὣς
271 2361 362 2442 λόγος
376 2357 509 2445 αἱρῆται,
532 2361 643 2444 σεμνὸς
658 2366 761 2443 γενοῦ,
779 2362 836 2445 ἠδὲ
849 2361 1014 2444 προσηνής.

158 2490 162 2497 ψ
203 2442 256 2508 Ἐν
276 2450 375 2576 καιρφῦ
395 2444 583 2529 σοφὸςῆθος
603 2446 797 2526 ἀνεγκλήτως
819 2445 1015 2527 μεταβάλλει.

123 2530 161 2596 Η.
206 2528 404 2614 Μεμφομ.νγγ
429 2529 562 2596 δοόλους
584 2529 626 2612 μὴ
651 2527 727 2610 ἄγαν
749 2529 872 2591 πίστευε
895 2529 1037 2611 δάμαρτι.

207 2613 404 2697 Πολλάκιςιῆ
430 2613 624 2695 σύλλεκτρος,
647 2612 682 2674 ὃν
704 2613 781 2698 ἀνὴρ
805 2614 927 2696 φίλατο,
944 2617 1036 2695 μισεῖ.

120 2699 158 2764 Θ.
200 2698 257 2762 Ἦν
274 2722 340 2762 τινα
354 2698 531 2781 νουθετέγγς,
555 2700 570 2760 ό
590 2696 620 2760 δ’
637 2696 796 2781 ἐφετμέων
812 2697 868 2761 οόκ
885 2696 1037 2783 έπακοόγγ,

207 2782 246 2848 El
266 2785 350 2868 μάλα
373 2806 421 2867 μιν
441 2784 552 2866 κραδίγγ
576 2781 702 2867 φιλέεις,
726 2783 767 2866 μὴ
789 2785 864 2865 λῆγε
886 2785 1037 2865 μενοινῆς.
1150 2810 1154 2817 ’

122 2867 147 2934 Ι.
207 2867 261 2953 Μὴ
284 2867 422 2952 συνέμιξε
445 2866 527 2951 λόγῳ
549 2872 612 2935 τοῖς
636 2867 779 2950 ἀνδράσιν
810 2864 1036 2949 ἀκριτομόθοις.

208 2952 289 3017 Πάσι
311 2952 402 3035 λόγος
424 2951 559 3029 δέδοται,
581 2951 674 3035 σοφίη
695 2952 729 3014 δὲ
748 2956 867 3036 φρενῶν
883 2950 1021 3032 ὀλίγοισι

122 3036 174 3103 ΙΑ.
198 3036 259 3105 Ὣς
285 3037 399 3105 ἄλλους
417 3035 545 3120 φιλέειν,
565 3038 608 3105 ὣς
626 3038 677 3099 καὶ
700 3037 789 3119 φίλος
811 3035 889 3097 εἶναι
909 3036 1023 3117 ἑαυτοῦ.

141 3164 144 3171 .
202 3120 263 3192 οΩς
282 3124 428 3208 χρησταῖς
451 3119 504 3184 ἔσο
524 3122 675 3206 χρηστὸς,
707 3120 792 3267 ότγωφ
811 3121 926 3207 βλάβος
946 3118 1037 3180 οὐδὲν

121 3288 176 3355 ίΒ.
208 3290 312 3373 Φεῦγε
327 3288 587 3373 νέουςθρόλλους,
597 3289 637 3373 μὴ
647 3227 1038 3392 καινοτόίίοξῃτδςάκοόσγς.

209 3371 333 3439 Οὐδένα
352 3376 382 3458 γ’
400 3375 420 3456 ἡ
436 3375 515 3457 σιγὴ,
530 3376 563 3438 τδ
581 3376 716 3457 λαλῆσαι
738 3375 766 3437 δ’
779 3373 881 3459 ἤκαχε
892 3373 1039 3438 πολλους.

122 3457 173 3524 ΙΓ.
205 3456 328 3523 Ἐλπίδ’
350 3459 538 3544 ἀπαγγελίης
561 3459 602 3542 μὴ
627 3459 751 3542 ἑτοίμην
774 3459 882 3522 αὐτίκα
905 3458 995 3539 ἡγοῦ.

164 3588 169 3597 ·
203 3541 246 3607 ‘H
265 3544 362 3612 πίστις
383 3544 493 3627 σπανίη
513 3542 556 3626 γ’,
580 3541 625 3606 ότι
642 3544 753 3607 πολλοὶ
767 3543 869 3607 πολλὰ
883 3544 1024 3604 λαλοῦσι.
