<?xml version="1.0" encoding="UTF-8"?>
<!DOCTYPE html PUBLIC "-//W3C//DTD XHTML 1.0 Transitional//EN"
    "http://www.w3.org/TR/xhtml1/DTD/xhtml1-transitional.dtd">
<html xmlns="http://www.w3.org/1999/xhtml" xml:lang="en" lang="en">
 <head>
  <title>
</title>
<meta http-equiv="Content-Type" content="text/html;charset=utf-8" />
  <meta name='ocr-system' content='tesseract 3.04.00' />
  <meta name='ocr-capabilities' content='ocr_page ocr_carea ocr_par ocr_line ocrx_word'/>
</head>
<body>
  <div class='ocr_page' id='page_1' title='image "./iosephiscaliger01scalgoog_0375.png"; bbox 0 0 2586 4214; ppageno 0'>
   <div class='ocr_carea' id='block_1_1' title="bbox 6 28 9 713">
    <p class='ocr_par' dir='ltr' id='par_1_1' title="bbox 6 28 9 713">
     <span class='ocr_line' id='line_1_1' title="bbox 6 28 9 145; baseline 0 0"><span class='ocrx_word' id='word_1_1' title='bbox 6 28 9 145; x_wconf 90' lang='lat' dir='ltr'>l</span> 
     </span>
     <span class='ocr_line' id='line_1_2' title="bbox 6 338 8 471; baseline 0 0"><span class='ocrx_word' id='word_1_2' title='bbox 6 338 8 471; x_wconf 89' lang='lat' dir='ltr'>l</span> 
     </span>
     <span class='ocr_line' id='line_1_3' title="bbox 6 654 8 713; baseline 0 0"><span class='ocrx_word' id='word_1_3' title='bbox 6 654 8 713; x_wconf 60' lang='lat' dir='ltr'>r</span> 
     </span>
    </p>
   </div>
   <div class='ocr_carea' id='block_1_2' title="bbox 188 509 1083 3646">
    <p class='ocr_par' dir='ltr' id='par_1_2' title="bbox 196 509 969 673">
     <span class='ocr_line' id='line_1_4' title="bbox 196 509 969 587; baseline -0.001 -16"><span class='ocrx_word' id='word_1_4' title='bbox 196 520 210 562; x_wconf 73' lang='grc' dir='ltr'>«Ἰ</span> <span class='ocrx_word' id='word_1_5' title='bbox 266 509 410 571; x_wconf 87' lang='lat' dir='ltr'>Natantis</span> <span class='ocrx_word' id='word_1_6' title='bbox 433 510 496 568; x_wconf 89' lang='lat' dir='ltr'>alni</span> <span class='ocrx_word' id='word_1_7' title='bbox 517 509 681 582; x_wconf 73' lang='lat' dir='ltr'>caudicem,</span> <span class='ocrx_word' id='word_1_8' title='bbox 704 517 737 568; x_wconf 90' lang='lat' dir='ltr'>ut</span> <span class='ocrx_word' id='word_1_9' title='bbox 760 511 969 587; x_wconf 86' lang='lat' dir='ltr'>crepusculum</span> 
     </span>
     <span class='ocr_line' id='line_1_5' title="bbox 267 594 866 673; baseline 0.002 -19"><span class='ocrx_word' id='word_1_10' title='bbox 267 595 376 654; x_wconf 87' lang='lat' dir='ltr'>Puella</span> <span class='ocrx_word' id='word_1_11' title='bbox 398 614 509 667; x_wconf 88' lang='lat' dir='ltr'>serum,</span> <span class='ocrx_word' id='word_1_12' title='bbox 530 594 634 652; x_wconf 89' lang='lat' dir='ltr'><strong>mobili</strong></span> <span class='ocrx_word' id='word_1_13' title='bbox 659 595 727 652; x_wconf 81' lang='lat' dir='ltr'>visu</span> <span class='ocrx_word' id='word_1_14' title='bbox 747 595 866 673; x_wconf 84' lang='lat' dir='ltr'>legens,</span> 
     </span>
    </p>

    <p class='ocr_par' dir='ltr' id='par_1_3' title="bbox 267 680 773 740">
     <span class='ocr_line' id='line_1_6' title="bbox 267 680 773 740; baseline -0.004 0"><span class='ocrx_word' id='word_1_15' title='bbox 267 681 394 740; x_wconf 88' lang='lat' dir='ltr'>Aheneo</span> <span class='ocrx_word' id='word_1_16' title='bbox 413 681 539 738; x_wconf 86' lang='lat' dir='ltr'>latronis</span> <span class='ocrx_word' id='word_1_17' title='bbox 563 697 637 738; x_wconf 90' lang='lat' dir='ltr'>ense</span> <span class='ocrx_word' id='word_1_18' title='bbox 659 680 773 738; x_wconf 86' lang='lat' dir='ltr'>territa.</span> 
     </span>
    </p>

    <p class='ocr_par' dir='ltr' id='par_1_4' title="bbox 191 761 935 926">
     <span class='ocr_line' id='line_1_7' title="bbox 191 761 847 838; baseline 0.005 -19"><span class='ocrx_word' id='word_1_19' title='bbox 191 761 259 819; x_wconf 71' lang='lat'>14³5</span> <span class='ocrx_word' id='word_1_20' title='bbox 268 764 355 825; x_wconf 91' lang='lat' dir='ltr'>Multi</span> <span class='ocrx_word' id='word_1_21' title='bbox 376 765 511 838; x_wconf 89' lang='lat' dir='ltr'>labores,</span> <span class='ocrx_word' id='word_1_22' title='bbox 531 763 627 823; x_wconf 86' lang='lat' dir='ltr'>multa</span> <span class='ocrx_word' id='word_1_23' title='bbox 643 764 718 822; x_wconf 83' lang='lat' dir='ltr'>beili</span> <span class='ocrx_word' id='word_1_24' title='bbox 738 765 847 823; x_wconf 88' lang='lat' dir='ltr'>funera</span> 
     </span>
     <span class='ocr_line' id='line_1_8' title="bbox 266 850 935 926; baseline -0.006 -15"><span class='ocrx_word' id='word_1_25' title='bbox 266 851 364 911; x_wconf 83' lang='lat' dir='ltr'>Erunt</span> <span class='ocrx_word' id='word_1_26' title='bbox 382 851 523 923; x_wconf 86' lang='lat' dir='ltr'>virorum,</span> <span class='ocrx_word' id='word_1_27' title='bbox 544 867 624 908; x_wconf 87' lang='lat' dir='ltr'>nunc</span> <span class='ocrx_word' id='word_1_28' title='bbox 645 850 746 926; x_wconf 82' lang='lat' dir='ltr'>gravis</span> <span class='ocrx_word' id='word_1_29' title='bbox 770 850 935 909; x_wconf 85' lang='lat' dir='ltr'>certamina</span> 
     </span>
    </p>

    <p class='ocr_par' dir='ltr' id='par_1_5' title="bbox 195 934 921 1014">
     <span class='ocr_line' id='line_1_9' title="bbox 195 934 921 1014; baseline -0.006 -17"><span class='ocrx_word' id='word_1_30' title='bbox 195 954 227 993; x_wconf 57' lang='lat'>¹..</span> <span class='ocrx_word' id='word_1_31' title='bbox 271 938 320 997; x_wconf 90' lang='lat' dir='ltr'>Ob</span> <span class='ocrx_word' id='word_1_32' title='bbox 343 945 464 1014; x_wconf 88' lang='lat' dir='ltr'>sceptra</span> <span class='ocrx_word' id='word_1_33' title='bbox 485 934 572 1012; x_wconf 90' lang='lat' dir='ltr'>regni</span> <span class='ocrx_word' id='word_1_34' title='bbox 592 934 711 993; x_wconf 86' lang='lat' dir='ltr'>fortiter</span> <span class='ocrx_word' id='word_1_35' title='bbox 732 935 921 1008; x_wconf 70' lang='lat' dir='ltr'>certantium,</span> 
     </span>
    </p>

    <p class='ocr_par' dir='ltr' id='par_1_6' title="bbox 266 1019 969 1182">
     <span class='ocr_line' id='line_1_10' title="bbox 266 1019 873 1080; baseline -0.002 -1"><span class='ocrx_word' id='word_1_36' title='bbox 266 1020 358 1080; x_wconf 89' lang='lat' dir='ltr'>Nunc</span> <span class='ocrx_word' id='word_1_37' title='bbox 377 1021 510 1079; x_wconf 85' lang='lat' dir='ltr'>exaratis</span> <span class='ocrx_word' id='word_1_38' title='bbox 530 1019 562 1077; x_wconf 91' lang='lat' dir='ltr'>in</span> <span class='ocrx_word' id='word_1_39' title='bbox 585 1020 677 1077; x_wconf 89' lang='lat' dir='ltr'>boum</span> <span class='ocrx_word' id='word_1_40' title='bbox 696 1020 873 1079; x_wconf 85' lang='lat' dir='ltr'>novalibus:</span> 
     </span>
     <span class='ocr_line' id='line_1_11' title="bbox 267 1105 969 1182; baseline -0.006 -17"><span class='ocrx_word' id='word_1_41' title='bbox 267 1106 349 1165; x_wconf 92' lang='lat' dir='ltr'>Dum</span> <span class='ocrx_word' id='word_1_42' title='bbox 371 1108 480 1165; x_wconf 87' lang='lat' dir='ltr'>crudus</span> <span class='ocrx_word' id='word_1_43' title='bbox 501 1106 593 1163; x_wconf 88' lang='lat' dir='ltr'>heros</span> <span class='ocrx_word' id='word_1_44' title='bbox 617 1105 717 1180; x_wconf 87' lang='lat' dir='ltr'>sopiat</span> <span class='ocrx_word' id='word_1_45' title='bbox 738 1105 852 1166; x_wconf 92' lang='lat' dir='ltr'>bellum</span> <span class='ocrx_word' id='word_1_46' title='bbox 877 1122 969 1182; x_wconf 83' lang='lat' dir='ltr'>grave</span> 
     </span>
    </p>

    <p class='ocr_par' dir='ltr' id='par_1_7' title="bbox 191 1188 1062 1604">
     <span class='ocr_line' id='line_1_12' title="bbox 191 1188 981 1266; baseline 0.003 -21"><span class='ocrx_word' id='word_1_47' title='bbox 191 1191 260 1245; x_wconf 80' lang='grc'>1110</span> <span class='ocrx_word' id='word_1_48' title='bbox 268 1192 316 1251; x_wconf 86' lang='lat' dir='ltr'>Ab</span> <span class='ocrx_word' id='word_1_49' title='bbox 338 1192 440 1249; x_wconf 88' lang='lat' dir='ltr'>Aeaco</span> <span class='ocrx_word' id='word_1_50' title='bbox 462 1197 551 1264; x_wconf 87' lang='lat' dir='ltr'>atque</span> <span class='ocrx_word' id='word_1_51' title='bbox 572 1188 716 1247; x_wconf 90' lang='lat' dir='ltr'>Dardano</span> <span class='ocrx_word' id='word_1_52' title='bbox 738 1189 851 1248; x_wconf 87' lang='lat' dir='ltr'>ducens</span> <span class='ocrx_word' id='word_1_53' title='bbox 873 1208 981 1266; x_wconf 89' lang='lat' dir='ltr'>genus,</span> 
     </span>
     <span class='ocr_line' id='line_1_13' title="bbox 269 1271 1006 1352; baseline -0.004 -18"><span class='ocrx_word' id='word_1_54' title='bbox 269 1276 456 1352; x_wconf 87' lang='lat' dir='ltr'>Thesprotus</span> <span class='ocrx_word' id='word_1_55' title='bbox 476 1284 634 1348; x_wconf 88' lang='lat' dir='ltr'>utrumque</span> <span class='ocrx_word' id='word_1_56' title='bbox 657 1282 687 1331; x_wconf 92' lang='lat' dir='ltr'>et</span> <span class='ocrx_word' id='word_1_57' title='bbox 709 1271 915 1333; x_wconf 82' lang='lat' dir='ltr'>Chaladraeus</span> <span class='ocrx_word' id='word_1_58' title='bbox 938 1274 1006 1332; x_wconf 85' lang='lat' dir='ltr'>leo:</span> 
     </span>
     <span class='ocr_line' id='line_1_14' title="bbox 269 1359 1062 1434; baseline -0.004 -14"><span class='ocrx_word' id='word_1_59' title='bbox 269 1361 399 1421; x_wconf 88' lang='lat' dir='ltr'><strong>Omnem</strong></span> <span class='ocrx_word' id='word_1_60' title='bbox 422 1367 453 1417; x_wconf 88' lang='lat' dir='ltr'>et</span> <span class='ocrx_word' id='word_1_61' title='bbox 477 1359 622 1434; x_wconf 87' lang='lat' dir='ltr'>supinens</span> <span class='ocrx_word' id='word_1_62' title='bbox 644 1359 746 1417; x_wconf 81' lang='lat' dir='ltr'>fratris</span> <span class='ocrx_word' id='word_1_63' title='bbox 769 1378 905 1418; x_wconf 85' lang='lat' dir='ltr'>eversam</span> <span class='ocrx_word' id='word_1_64' title='bbox 925 1359 1062 1430; x_wconf 90' lang='lat' dir='ltr'>domum,</span> 
     </span>
     <span class='ocr_line' id='line_1_15' title="bbox 267 1444 867 1520; baseline -0.003 -17"><span class='ocrx_word' id='word_1_65' title='bbox 267 1444 499 1503; x_wconf 83' lang='lat' dir='ltr'>Formidolosos·</span> <span class='ocrx_word' id='word_1_66' title='bbox 514 1451 603 1520; x_wconf 84' lang='lat' dir='ltr'><strong>coget</strong></span> <span class='ocrx_word' id='word_1_67' title='bbox 624 1444 756 1520; x_wconf 88' lang='lat' dir='ltr'>Argivos</span> <span class='ocrx_word' id='word_1_68' title='bbox 775 1445 867 1502; x_wconf 89' lang='lat' dir='ltr'>duces</span> 
     </span>
     <span class='ocr_line' id='line_1_16' title="bbox 268 1528 962 1604; baseline -0.003 -16"><span class='ocrx_word' id='word_1_69' title='bbox 268 1529 350 1588; x_wconf 88' lang='lat' dir='ltr'>Ditis</span> <span class='ocrx_word' id='word_1_70' title='bbox 374 1528 544 1589; x_wconf 83' lang='lat' dir='ltr'>Chaladrae</span> <span class='ocrx_word' id='word_1_71' title='bbox 567 1547 691 1587; x_wconf 86' lang='lat' dir='ltr'>saevum</span> <span class='ocrx_word' id='word_1_72' title='bbox 712 1529 830 1586; x_wconf 89' lang='lat' dir='ltr'>adulari</span> <span class='ocrx_word' id='word_1_73' title='bbox 848 1528 962 1604; x_wconf 91' lang='lat' dir='ltr'>lupum,</span> 
     </span>
    </p>

    <p class='ocr_par' dir='ltr' id='par_1_8' title="bbox 191 1614 1001 1776">
     <span class='ocr_line' id='line_1_17' title="bbox 191 1614 917 1692; baseline 0.001 -23"><span class='ocrx_word' id='word_1_74' title='bbox 191 1616 259 1670; x_wconf 74' lang='lat'>1445</span> <span class='ocrx_word' id='word_1_75' title='bbox 267 1615 307 1674; x_wconf 82' lang='lat' dir='ltr'>Et</span> <span class='ocrx_word' id='word_1_76' title='bbox 329 1623 450 1692; x_wconf 87' lang='lat' dir='ltr'>sceptra</span> <span class='ocrx_word' id='word_1_77' title='bbox 468 1614 561 1691; x_wconf 84' lang='lat' dir='ltr'><strong>prisci</strong></span> <span class='ocrx_word' id='word_1_78' title='bbox 578 1614 766 1690; x_wconf 78' lang='lat' dir='ltr'><strong>principatus</strong></span> <span class='ocrx_word' id='word_1_79' title='bbox 789 1614 917 1671; x_wconf 84' lang='lat' dir='ltr'>tradere.</span> 
     </span>
     <span class='ocr_line' id='line_1_18' title="bbox 268 1698 1001 1776; baseline -0.003 -17"><span class='ocrx_word' id='word_1_80' title='bbox 268 1698 326 1759; x_wconf 81' lang='lat' dir='ltr'>cui</span> <span class='ocrx_word' id='word_1_81' title='bbox 349 1708 437 1758; x_wconf 85' lang='lat' dir='ltr'>sexta</span> <span class='ocrx_word' id='word_1_82' title='bbox 454 1700 514 1758; x_wconf 90' lang='lat' dir='ltr'>iam</span> <span class='ocrx_word' id='word_1_83' title='bbox 534 1706 604 1776; x_wconf 89' lang='lat' dir='ltr'>post</span> <span class='ocrx_word' id='word_1_84' title='bbox 625 1699 728 1757; x_wconf 88' lang='lat' dir='ltr'>saecla</span> <span class='ocrx_word' id='word_1_85' title='bbox 748 1706 895 1776; x_wconf 85' lang='lat' dir='ltr'>cognatus</span> <span class='ocrx_word' id='word_1_86' title='bbox 914 1716 1001 1757; x_wconf 86' lang='lat' dir='ltr'>meus</span> 
     </span>
    </p>

    <p class='ocr_par' dir='ltr' id='par_1_9' title="bbox 195 1784 1038 2024">
     <span class='ocr_line' id='line_1_19' title="bbox 195 1784 923 1859; baseline -0.004 -14"><span class='ocrx_word' id='word_1_87' title='bbox 195 1794 209 1835; x_wconf 77' lang='grc' dir='ltr'>’ἱ</span> <span class='ocrx_word' id='word_1_88' title='bbox 267 1787 377 1844; x_wconf 87' lang='lat' dir='ltr'>Manus</span> <span class='ocrx_word' id='word_1_89' title='bbox 396 1786 514 1844; x_wconf 87' lang='lat' dir='ltr'>feroces</span> <span class='ocrx_word' id='word_1_90' title='bbox 534 1803 696 1849; x_wconf 85' lang='lat' dir='ltr'>conserens</span> <span class='ocrx_word' id='word_1_91' title='bbox 720 1784 923 1859; x_wconf 85' lang='lat' dir='ltr'>quinquertio,</span> 
     </span>
     <span class='ocr_line' id='line_1_20' title="bbox 267 1869 1038 1946; baseline -0.004 -18"><span class='ocrx_word' id='word_1_92' title='bbox 267 1870 440 1944; x_wconf 79' lang='lat' dir='ltr'>Terraeque</span> <span class='ocrx_word' id='word_1_93' title='bbox 462 1887 618 1945; x_wconf 81' lang='lat' dir='ltr'>aquaeque</span> <span class='ocrx_word' id='word_1_94' title='bbox 639 1889 699 1926; x_wconf 90' lang='lat' dir='ltr'>non</span> <span class='ocrx_word' id='word_1_95' title='bbox 718 1886 863 1929; x_wconf 72' lang='lat' dir='ltr'>recusent</span> <span class='ocrx_word' id='word_1_96' title='bbox 887 1869 1038 1946; x_wconf 80' lang='lat' dir='ltr'>segmina,</span> 
     </span>
     <span class='ocr_line' id='line_1_21' title="bbox 251 1953 893 2024; baseline -0.002 -11"><span class='ocrx_word' id='word_1_97' title='bbox 251 1955 350 2013; x_wconf 83' lang='lat' dir='ltr'>luter</span> <span class='ocrx_word' id='word_1_98' title='bbox 370 1955 494 2013; x_wconf 88' lang='lat' dir='ltr'>sodales</span> <span class='ocrx_word' id='word_1_99' title='bbox 516 1963 579 2011; x_wconf 86' lang='lat' dir='ltr'>tum</span> <span class='ocrx_word' id='word_1_100' title='bbox 603 1953 683 2011; x_wconf 89' lang='lat' dir='ltr'>cluet</span> <span class='ocrx_word' id='word_1_101' title='bbox 703 1955 893 2024; x_wconf 86' lang='lat' dir='ltr'>veterrimus,</span> 
     </span>
    </p>

    <p class='ocr_par' dir='ltr' id='par_1_10' title="bbox 190 2039 1083 2200">
     <span class='ocr_line' id='line_1_22' title="bbox 190 2039 1051 2114; baseline 0.005 -21"><span class='ocrx_word' id='word_1_102' title='bbox 190 2040 258 2095; x_wconf 77' lang='lat'>1450</span> <span class='ocrx_word' id='word_1_103' title='bbox 266 2039 374 2098; x_wconf 89' lang='lat' dir='ltr'>Partas</span> <span class='ocrx_word' id='word_1_104' title='bbox 397 2039 507 2096; x_wconf 86' lang='lat' dir='ltr'>duello</span> <span class='ocrx_word' id='word_1_105' title='bbox 521 2039 644 2114; x_wconf 88' lang='lat' dir='ltr'>primitu</span> <span class='ocrx_word' id='word_1_106' title='bbox 667 2039 793 2097; x_wconf 88' lang='lat' dir='ltr'>exuvias</span> <span class='ocrx_word' id='word_1_107' title='bbox 812 2040 926 2097; x_wconf 84' lang='lat' dir='ltr'>ferens.</span> <span class='ocrx_word' id='word_1_108' title='bbox 1009 2080 1010 2083; x_wconf 62' lang='lat'>,</span> <span class='ocrx_word' id='word_1_109' title='bbox 1050 2064 1051 2071; x_wconf 47' lang='lat'>¹</span> 
     </span>
     <span class='ocr_line' id='line_1_23' title="bbox 267 2121 1083 2200; baseline 0.004 -21"><span class='ocrx_word' id='word_1_110' title='bbox 267 2121 347 2196; x_wconf 82' lang='lat' dir='ltr'>Quid</span> <span class='ocrx_word' id='word_1_111' title='bbox 365 2123 476 2182; x_wconf 84' lang='lat' dir='ltr'>misera</span> <span class='ocrx_word' id='word_1_112' title='bbox 497 2122 619 2200; x_wconf 88' lang='lat' dir='ltr'>longum</span> <span class='ocrx_word' id='word_1_113' title='bbox 640 2132 757 2199; x_wconf 86' lang='lat' dir='ltr'>tempus</span> <span class='ocrx_word' id='word_1_114' title='bbox 780 2124 812 2180; x_wconf 91' lang='lat' dir='ltr'>in</span> <span class='ocrx_word' id='word_1_115' title='bbox 836 2124 943 2183; x_wconf 85' lang='lat' dir='ltr'>surdae</span> <span class='ocrx_word' id='word_1_116' title='bbox 965 2131 1083 2200; x_wconf 87' lang='lat' dir='ltr'>petras,</span> 
     </span>
    </p>

    <p class='ocr_par' dir='ltr' id='par_1_11' title="bbox 244 2206 1050 2456">
     <span class='ocr_line' id='line_1_24' title="bbox 244 2206 956 2285; baseline -0.004 -16"><span class='ocrx_word' id='word_1_117' title='bbox 244 2244 246 2249; x_wconf 68' lang='lat'>,</span> <span class='ocrx_word' id='word_1_118' title='bbox 268 2206 688 2285; x_wconf 83' lang='lat' dir='ltr'>Surdasprocellas,i1ritas</span> <span class='ocrx_word' id='word_1_119' title='bbox 710 2217 813 2267; x_wconf 87' lang='lat' dir='ltr'>cautes</span> <span class='ocrx_word' id='word_1_120' title='bbox 835 2209 956 2283; x_wconf 88' lang='lat' dir='ltr'>loquor,</span> 
     </span>
     <span class='ocr_line' id='line_1_25' title="bbox 268 2292 884 2354; baseline -0.005 0"><span class='ocrx_word' id='word_1_121' title='bbox 268 2292 370 2354; x_wconf 88' lang='lat' dir='ltr'>Sonos</span> <span class='ocrx_word' id='word_1_122' title='bbox 392 2294 500 2352; x_wconf 86' lang='lat' dir='ltr'>inanes</span> <span class='ocrx_word' id='word_1_123' title='bbox 521 2294 583 2352; x_wconf 88' lang='lat' dir='ltr'>oris</span> <span class='ocrx_word' id='word_1_124' title='bbox 604 2294 758 2352; x_wconf 86' lang='lat' dir='ltr'>incassum</span> <span class='ocrx_word' id='word_1_125' title='bbox 778 2294 884 2352; x_wconf 70' lang='lat' dir='ltr'>ciens?</span> 
     </span>
     <span class='ocr_line' id='line_1_26' title="bbox 267 2377 1050 2456; baseline -0.001 -18"><span class='ocrx_word' id='word_1_126' title='bbox 267 2378 416 2438; x_wconf 84' lang='lat' dir='ltr'>Nostram</span> <span class='ocrx_word' id='word_1_127' title='bbox 438 2378 596 2456; x_wconf 84' lang='lat' dir='ltr'>obrogavit</span> <span class='ocrx_word' id='word_1_128' title='bbox 616 2377 740 2454; x_wconf 88' lang='lat' dir='ltr'>Nuptus</span> <span class='ocrx_word' id='word_1_129' title='bbox 764 2379 925 2453; x_wconf 87' lang='lat' dir='ltr'>antiquans</span> <span class='ocrx_word' id='word_1_130' title='bbox 947 2377 1050 2450; x_wconf 90' lang='lat' dir='ltr'>fidem,</span> 
     </span>
    </p>

    <p class='ocr_par' dir='ltr' id='par_1_12' title="bbox 190 2463 919 2627">
     <span class='ocr_line' id='line_1_27' title="bbox 190 2463 877 2535; baseline -0.001 -12"><span class='ocrx_word' id='word_1_131' title='bbox 190 2467 257 2523; x_wconf 74' lang='lat'>1455</span> <span class='ocrx_word' id='word_1_132' title='bbox 267 2464 400 2522; x_wconf 90' lang='lat' dir='ltr'>Rumore</span> <span class='ocrx_word' id='word_1_133' title='bbox 422 2483 502 2522; x_wconf 86' lang='lat' dir='ltr'>vano</span> <span class='ocrx_word' id='word_1_134' title='bbox 522 2464 723 2521; x_wconf 88' lang='lat' dir='ltr'>veriverbium</span> <span class='ocrx_word' id='word_1_135' title='bbox 741 2463 877 2535; x_wconf 86' lang='lat' dir='ltr'>illinens,</span> 
     </span>
     <span class='ocr_line' id='line_1_28' title="bbox 265 2548 919 2627; baseline -0.002 -20"><span class='ocrx_word' id='word_1_136' title='bbox 265 2549 458 2627; x_wconf 75' lang='lat' dir='ltr'>Montemque</span> <span class='ocrx_word' id='word_1_137' title='bbox 482 2556 581 2606; x_wconf 84' lang='lat' dir='ltr'>certae</span> <span class='ocrx_word' id='word_1_138' title='bbox 603 2548 742 2607; x_wconf 90' lang='lat' dir='ltr'>dictionis</span> <span class='ocrx_word' id='word_1_139' title='bbox 764 2567 919 2626; x_wconf 81' lang='lat' dir='ltr'>augurem,</span> 
     </span>
    </p>

    <p class='ocr_par' dir='ltr' id='par_1_13' title="bbox 196 2633 1009 2879">
     <span class='ocr_line' id='line_1_29' title="bbox 196 2633 998 2710; baseline 0 -19"><span class='ocrx_word' id='word_1_140' title='bbox 196 2648 200 2655; x_wconf 92' lang='grc'>’</span> <span class='ocrx_word' id='word_1_141' title='bbox 266 2633 383 2693; x_wconf 86' lang='lat' dir='ltr'>Passus</span> <span class='ocrx_word' id='word_1_142' title='bbox 402 2634 555 2710; x_wconf 89' lang='lat' dir='ltr'>repulsam</span> <span class='ocrx_word' id='word_1_143' title='bbox 572 2652 699 2709; x_wconf 91' lang='lat' dir='ltr'>quorum</span> <span class='ocrx_word' id='word_1_144' title='bbox 722 2636 843 2693; x_wconf 86' lang='lat' dir='ltr'>amabat</span> <span class='ocrx_word' id='word_1_145' title='bbox 865 2634 998 2709; x_wconf 81' lang='lat' dir='ltr'>assequi.</span> 
     </span>
     <span class='ocr_line' id='line_1_30' title="bbox 266 2718 972 2791; baseline 0.001 -15"><span class='ocrx_word' id='word_1_146' title='bbox 266 2719 379 2777; x_wconf 83' lang='lat' dir='ltr'>Veram</span> <span class='ocrx_word' id='word_1_147' title='bbox 399 2737 468 2777; x_wconf 89' lang='lat' dir='ltr'>esse</span> <span class='ocrx_word' id='word_1_148' title='bbox 491 2719 592 2791; x_wconf 88' lang='lat' dir='ltr'>faciet,</span> <span class='ocrx_word' id='word_1_149' title='bbox 616 2727 646 2776; x_wconf 91' lang='lat' dir='ltr'>et</span> <span class='ocrx_word' id='word_1_150' title='bbox 665 2718 746 2777; x_wconf 91' lang='lat' dir='ltr'>malo</span> <span class='ocrx_word' id='word_1_151' title='bbox 770 2719 894 2779; x_wconf 86' lang='lat' dir='ltr'>edoctus</span> <span class='ocrx_word' id='word_1_152' title='bbox 918 2738 972 2778; x_wconf 87' lang='lat' dir='ltr'>suo</span> 
     </span>
     <span class='ocr_line' id='line_1_31' title="bbox 268 2798 1009 2879; baseline 0 -18"><span class='ocrx_word' id='word_1_153' title='bbox 268 2800 355 2876; x_wconf 77' lang='lat' dir='ltr'>Quis,</span> <span class='ocrx_word' id='word_1_154' title='bbox 379 2803 460 2878; x_wconf 91' lang='lat' dir='ltr'>quod</span> <span class='ocrx_word' id='word_1_155' title='bbox 480 2803 602 2861; x_wconf 86' lang='lat' dir='ltr'>iuvandi</span> <span class='ocrx_word' id='word_1_156' title='bbox 624 2804 753 2879; x_wconf 87' lang='lat' dir='ltr'>patriam</span> <span class='ocrx_word' id='word_1_157' title='bbox 776 2804 861 2862; x_wconf 89' lang='lat' dir='ltr'>nulla</span> <span class='ocrx_word' id='word_1_158' title='bbox 883 2798 1009 2875; x_wconf 85' lang='lat' dir='ltr'>estvia,</span> 
     </span>
    </p>

    <p class='ocr_par' dir='ltr' id='par_1_14' title="bbox 189 2886 1006 3305">
     <span class='ocr_line' id='line_1_32' title="bbox 189 2886 1006 2948; baseline 0 -3"><span class='ocrx_word' id='word_1_159' title='bbox 189 2891 258 2946; x_wconf 81' lang='grc'>1160</span> <span class='ocrx_word' id='word_1_160' title='bbox 268 2886 461 2946; x_wconf 86' lang='lat' dir='ltr'>Carmentem</span> <span class='ocrx_word' id='word_1_161' title='bbox 482 2889 601 2946; x_wconf 89' lang='lat' dir='ltr'>abunde</span> <span class='ocrx_word' id='word_1_162' title='bbox 621 2889 812 2947; x_wconf 88' lang='lat' dir='ltr'>hirundinem</span> <span class='ocrx_word' id='word_1_163' title='bbox 830 2889 1006 2948; x_wconf 88' lang='lat' dir='ltr'>laudaverit.</span> 
     </span>
     <span class='ocr_line' id='line_1_33' title="bbox 265 2973 930 3051; baseline 0.005 -21"><span class='ocrx_word' id='word_1_164' title='bbox 265 2973 397 3031; x_wconf 88' lang='lat' dir='ltr'>Tantum</span> <span class='ocrx_word' id='word_1_165' title='bbox 418 2974 517 3031; x_wconf 89' lang='lat' dir='ltr'>locuta</span> <span class='ocrx_word' id='word_1_166' title='bbox 539 2981 595 3046; x_wconf 89' lang='lat' dir='ltr'>est,</span> <span class='ocrx_word' id='word_1_167' title='bbox 620 2982 650 3031; x_wconf 91' lang='lat' dir='ltr'>et</span> <span class='ocrx_word' id='word_1_168' title='bbox 671 2974 829 3050; x_wconf 89' lang='lat' dir='ltr'>reciproco</span> <span class='ocrx_word' id='word_1_169' title='bbox 851 2975 930 3051; x_wconf 90' lang='lat' dir='ltr'>pede</span> 
     </span>
     <span class='ocr_line' id='line_1_34' title="bbox 265 3057 955 3139; baseline 0.003 -23"><span class='ocrx_word' id='word_1_170' title='bbox 265 3057 363 3117; x_wconf 89' lang='lat' dir='ltr'>Recta</span> <span class='ocrx_word' id='word_1_171' title='bbox 383 3059 508 3135; x_wconf 90' lang='lat' dir='ltr'>petebat</span> <span class='ocrx_word' id='word_1_172' title='bbox 529 3077 642 3139; x_wconf 72' lang='lat' dir='ltr'>carcer,</span> <span class='ocrx_word' id='word_1_173' title='bbox 667 3066 756 3134; x_wconf 89' lang='lat' dir='ltr'>atque</span> <span class='ocrx_word' id='word_1_174' title='bbox 779 3059 810 3116; x_wconf 94' lang='lat' dir='ltr'>in</span> <span class='ocrx_word' id='word_1_175' title='bbox 831 3067 955 3136; x_wconf 89' lang='lat' dir='ltr'>pectore</span> 
     </span>
     <span class='ocr_line' id='line_1_35' title="bbox 266 3141 837 3219; baseline 0 -17"><span class='ocrx_word' id='word_1_176' title='bbox 266 3141 383 3202; x_wconf 87' lang='lat' dir='ltr'>Sirenis</span> <span class='ocrx_word' id='word_1_177' title='bbox 406 3144 559 3219; x_wconf 84' lang='lat' dir='ltr'>expiravit</span> <span class='ocrx_word' id='word_1_178' title='bbox 580 3143 703 3202; x_wconf 90' lang='lat' dir='ltr'>ultimos</span> <span class='ocrx_word' id='word_1_179' title='bbox 726 3144 837 3202; x_wconf 90' lang='lat' dir='ltr'>modos</span> 
     </span>
     <span class='ocr_line' id='line_1_36' title="bbox 266 3227 871 3305; baseline 0 -18"><span class='ocrx_word' id='word_1_180' title='bbox 266 3227 348 3287; x_wconf 84' lang='lat' dir='ltr'>Glari</span> <span class='ocrx_word' id='word_1_181' title='bbox 372 3228 527 3302; x_wconf 85' lang='lat' dir='ltr'>sacerdos,</span> <span class='ocrx_word' id='word_1_182' title='bbox 550 3236 640 3305; x_wconf 89' lang='lat' dir='ltr'>atque</span> <span class='ocrx_word' id='word_1_183' title='bbox 661 3227 766 3287; x_wconf 90' lang='lat' dir='ltr'>Nesus</span> <span class='ocrx_word' id='word_1_184' title='bbox 788 3228 871 3288; x_wconf 83' lang='lat' dir='ltr'>filiae</span> 
     </span>
    </p>

    <p class='ocr_par' dir='ltr' id='par_1_15' title="bbox 188 3313 964 3470">
     <span class='ocr_line' id='line_1_37' title="bbox 188 3313 934 3390; baseline -0.003 -17"><span class='ocrx_word' id='word_1_185' title='bbox 188 3317 256 3373; x_wconf 75' lang='lat'>1465</span> <span class='ocrx_word' id='word_1_186' title='bbox 265 3315 370 3390; x_wconf 86' lang='lat' dir='ltr'>Augur</span> <span class='ocrx_word' id='word_1_187' title='bbox 391 3313 527 3386; x_wconf 86' lang='lat' dir='ltr'>satelles,</span> <span class='ocrx_word' id='word_1_188' title='bbox 551 3314 639 3388; x_wconf 85' lang='lat' dir='ltr'>quale</span> <span class='ocrx_word' id='word_1_189' title='bbox 661 3313 798 3372; x_wconf 90' lang='lat' dir='ltr'>Picatum</span> <span class='ocrx_word' id='word_1_190' title='bbox 817 3315 934 3390; x_wconf 87' lang='lat' dir='ltr'>loquax</span> 
     </span>
     <span class='ocr_line' id='line_1_38' title="bbox 265 3396 964 3470; baseline 0 -14"><span class='ocrx_word' id='word_1_191' title='bbox 265 3400 443 3470; x_wconf 83' lang='lat' dir='ltr'>Monstrum,</span> <span class='ocrx_word' id='word_1_192' title='bbox 466 3396 600 3457; x_wconf 87' lang='lat' dir='ltr'>involuta</span> <span class='ocrx_word' id='word_1_193' title='bbox 621 3399 803 3457; x_wconf 86' lang='lat' dir='ltr'>verbalime</span> <span class='ocrx_word' id='word_1_194' title='bbox 821 3399 964 3458; x_wconf 82' lang='lat' dir='ltr'>tinniens.</span> 
     </span>
    </p>

    <p class='ocr_par' dir='ltr' id='par_1_16' title="bbox 194 3482 933 3646">
     <span class='ocr_line' id='line_1_39' title="bbox 194 3482 848 3559; baseline 0.002 -18"><span class='ocrx_word' id='word_1_195' title='bbox 194 3516 196 3523; x_wconf 58' lang='lat'>.</span> <span class='ocrx_word' id='word_1_196' title='bbox 264 3483 329 3559; x_wconf 83' lang='lat' dir='ltr'>Ego</span> <span class='ocrx_word' id='word_1_197' title='bbox 349 3482 536 3559; x_wconf 85' lang='lat' dir='ltr'>implicatum</span> <span class='ocrx_word' id='word_1_198' title='bbox 558 3483 749 3544; x_wconf 88' lang='lat' dir='ltr'>nuntiaturus</span> <span class='ocrx_word' id='word_1_199' title='bbox 771 3485 826 3543; x_wconf 90' lang='lat' dir='ltr'>tibi</span> <span class='ocrx_word' id='word_1_200' title='bbox 845 3506 848 3513; x_wconf 74' lang='lat'><strong><em>¹</em></strong></span> 
     </span>
     <span class='ocr_line' id='line_1_40' title="bbox 264 3566 933 3646; baseline 0.007 -21"><span class='ocrx_word' id='word_1_201' title='bbox 264 3566 345 3625; x_wconf 83' lang='lat' dir='ltr'>Veni</span> <span class='ocrx_word' id='word_1_202' title='bbox 364 3567 512 3626; x_wconf 86' lang='lat' dir='ltr'>furentem</span> <span class='ocrx_word' id='word_1_203' title='bbox 532 3567 658 3646; x_wconf 87' lang='lat' dir='ltr'>virginis</span> <span class='ocrx_word' id='word_1_204' title='bbox 680 3569 795 3629; x_wconf 79' lang='lat' dir='ltr'>Fatuae</span> <span class='ocrx_word' id='word_1_205' title='bbox 816 3588 933 3645; x_wconf 85' lang='lat' dir='ltr'>sonum,</span> 
     </span>
    </p>
   </div>
   <div class='ocr_carea' id='block_1_3' title="bbox 0 0 1298 4214">
    <p class='ocr_par' dir='ltr' id='par_1_17' title="bbox 0 0 1298 4214">
     <span class='ocr_line' id='line_1_41' title="bbox 0 0 1298 4214; baseline 0 1"><span class='ocrx_word' id='word_1_206' title='bbox 0 0 1298 4214; x_wconf 95' lang='lat' dir='ltr'> </span> 
     </span>
    </p>
   </div>
  </div>
 </body>
</html>
