2560 4216
610 326 760 422 —37—8—

226 458 323 575 ζζθί)
453 549 457 556 ,
500 487 543 554 Τὸ
564 491 651 574 ξίφος
675 492 709 557 ἐκ
728 493 862 559 autunto.

225 581 319 642 Ensis
343 580 453 658 vagina
474 598 527 637 eur
551 580 734 659 stringitur?
756 579 837 638 haud
859 587 891 638 ut
914 580 1037 656 iniquus

270 665 335 727 Sim
356 664 482 724 Veneri:
506 665 611 723 adiuro
632 673 721 741 teque
740 673 884 740 tuumque
908 673 1008 742 eaput.

226 750 289 812 Sed
305 752 433 811 Martem
456 754 499 823 ut,
524 752 662 825 quamvis
685 751 811 808 immuni
830 758 966 827 pectore,
989 751 1077 831 norie

270 834 333 904 Sub
355 835 485 895 Veneris
507 836 593 894 molli
616 855 732 913 ponere
754 835 835 894 eolla
854 835 936 912 iugo.

226 922 290 981 Iste
312 921 373 980 mei
391 920 536 979 desiderii
558 928 605 980 est
629 939 740 980 eomes.
763 919 855 978 Haud
880 938 958 996 opus
979 919 1043 978 ullo

267 1007 325 1066 Est
345 1005 481 1083 speculo.
504 1005 597 1064 Hune
617 1024 745 1065 versane
765 1004 890 1064 consulo
913 1023 1035 1079 semper
1058 1021 1121 1080 ego.

225 1092 358 1168 Pulcher
375 1091 406 1149 in
427 1091 486 1150 hoe
504 1091 611 1153 videor
628 1091 711 1151 mihi.
735 1088 796 1151 Sed
818 1090 845 1148 si
866 1089 991 1165 linquis,
1012 1089 1120 1162 emiee,

267 1176 333 1236 Nos
354 1177 452 1253 prius,
475 1176 524 1234 hie
550 1177 633 1236 ensis
655 1175 759 1234 induet
777 1175 819 1234 ile
839 1194 949 1233 meum.
996 1210 1000 1219 ·

227 1345 323 1421 ((62)
486 1337 543 1424 .Τῴ
565 1346 674 1424 χρυσῷ
694 1341 745 1402 τὸν
765 1336 898 1422 Ἔρωτα.

225 1434 309 1488 Auro
334 1428 515 1491 sollieitetur
536 1431 633 1487 Amor
653 1429 736 1487 mihi.
759 1428 841 1488 Nam
866 1446 965 1503 neque
986 1437 1087 1489 aratro

267 1513 414 1588 Possunt,
433 1532 490 1572 nee
517 1514 592 1572 duro
614 1514 706 1572 mella
729 1514 833 1592 ligone
855 1513 926 1586 ooli,
990 1573 996 1588 ἱ

226 1598 288 1661 Sed
306 1600 490 1677 tempestiva
510 1599 598 1657 verni
617 1599 750 1658 viroris.
773 1601 814 1657 At
832 1617 938 1656 eurum

268 1684 452 1744 Omnimode
471 1684 601 1744 Veneris
622 1684 722 1743 duleie
744 1683 837 1742 mella
857 1682 936 1741 colit.

227 1854 323 1930 ((63)
495 1847 660 1934 Κιχλίζεις,
680 1848 880 1934 χρεμέτισμα.

226 1938 356 1997 Hinnitu
373 1938 502 1997 Veneris
523 1939 690 2014 proludens
712 1938 794 1997 bellu
815 1936 959 1995 fritinnis.

268 2023 393 2082 Furtivo
407 2023 554 2087 ,adnietas
573 2023 706 2080 numine.
732 2031 840 2080 ennete
861 2042 977 2082 moves.
1022 2064 1024 2067 v

224 2107 362 2178 Frustra,
385 2107 464 2179 iuro,
488 2108 584 2166 oeulis
603 2115 633 2165 te
656 2127 718 2167 nou
741 2108 874 2179 visurus,
897 2106 994 2165 amori

267 2190 459 2249 Indomitam.
486 2191 620 2268 lapidem
640 2199 686 2249 ter
708 2211 825 2268 quoque
847 2192 914 2251 iuro
936 2193 1052 2250 Iovem.

224 2276 311 2336 Lude
331 2275 396 2335 tibi.
418 2283 448 2333 te
470 2277 600 2336 suavioli
618 2285 822 2354 poppysmute
841 2278 931 2335 duete

267 2361 346 2435 Illis,
368 2379 445 2436 quae
467 2361 543 2420 nulli
564 2362 646 2420 nuda
665 2361 779 2420 labella
804 2381 898 2421 seres.

226 2531 322 2607 (me)
490 2524 596 2603 Πᾶσᾳν
620 2527 681 2608 ἐγὼ
703 2528 757 2610 τὴν
780 2527 882 2590 νύκτα.

225 2616 305 2675 Tota
325 2615 399 2672 mihi
419 2615 451 2672 in
475 2616 588 2693 gemitu
611 2637 674 2677 nox
689 2615 823 2675 vertitur.
842 2618 901 2675 Ast
921 2615 972 2673 ubi
992 2613 1076 2672 venit

266 2699 355 2765 Dans
378 2699 534 2758 minimum
554 2701 629 2759 mihi
651 2701 707 2760 lux
728 2702 825 2777 prime
845 2700 947 2774 quiete
971 2699 1043 2771 frui,

224 2784 345 2847 circum
366 2803 479 2860 perque
501 2792 655 2860 strepente
673 2787 800 2845 citamur
816 2785 986 2844 hirundine.
1010 2801 1137 2842 somnos

265 2871 470 2947 Abrumpens,
490 2869 631 2931 lacrimas
654 2871 785 2949 integret
804 2870 859 2928 illa
878 2870 962 2929 mihi.

223 2955 303 3031 Quid
324 2956 399 3015 mihi
420 2956 578 3014 vobiseum
601 2956 668 3015 est?
692 2956 831 3016 absistite
854 2954 976 3033 garrula
997 2955 1096 3015 turba.

264 3039 350 3114 Non,
371 3039 552 3114 Philomela,
575 3041 649 3099 mihi
669 3042 774 3118 lingua
795 3049 914 3099 resecta
935 3048 988 3098 tun
1010 3035 1057 3098 eet

221 3127 307 3189 Flete
330 3125 432 3202 Itylon
457 3125 539 3185 duris
560 3126 593 3190 in
614 3127 780 3199 montibus,
802 3134 892 3200 etque
915 3125 1031 3197 sedete,

265 3210 451 3288 Scruposem
475 3211 577 3269 e'autes
601 3230 661 3286 qua
677 3211 760 3270 debit
778 3211 841 3269 alte
863 3212 997 3282 domum,

221 3295 365 3356 Dormire
382 3303 415 3353 ut
434 3294 535 3353 liceat.
560 3294 731 3373 Surrepens
754 3296 834 3355 forte
855 3294 1057 3355 Rhodenthee

264 3379 481 3458 Amplexendu
503 3380 576 3438 mihi
595 3381 729 3456 brachie,
754 3379 876 3453 Somne,
899 3380 996 3439 debis.
