2604 4210
682 336 743 396 381

254 507 444 581 Antideaque
463 505 559 575 fuere,
584 512 614 562 et
635 525 708 565 mox
730 512 858 564 ventura
881 504 1049 562 trahentur.

254 590 336 651 Nam
356 598 465 650 natura
485 589 570 666 prior
591 591 673 651 Maio
698 591 801 650 omnia
821 589 1051 648 mmmendavit.

255 677 359 754 Quare
383 697 402 736 ο
423 674 514 735 nubis
534 676 668 753 auguriis
687 676 847 735 veracibus
870 673 966 746 adsis,

255 763 343 822 Dans
365 761 516 839 placidam
535 759 616 818 vitae
634 762 725 819 finem
750 760 991 819 felicisshabere.

256 934 296 992 25
313 933 436 991 Telluris
444 931 1173 1006 suffimenmmmsmmprauersabmaaronem.

256 1017 363 1077 Tellus
386 1017 464 1092 Ops,
483 1023 580 1072 mater
601 1013 749 1074 Diuorum
771 1023 801 1072 et
822 1022 920 1072 mater
941 1015 1118 1090 homonum,

255 1103 369 1175 Altrix,
388 1100 613 1177 percoquifrux,
633 1100 851 1172 intercidonea,
870 1099 967 1176 larga,

257 1187 383 1249 conflua
404 1195 495 1263 atque
516 1185 709 1257 adolescens,
730 1185 845 1261 polaris
867 1185 1005 1262 frugibus
1026 1205 1160 1264 augens:

258 1272 384 1333 Aeterni
404 1270 509 1328 mundi
528 1269 693 1327 fundamen
715 1270 844 1328 daedala
866 1270 964 1346 virgo,

257 1356 342 1431 Quae
364 1357 463 1413 varias
484 1354 548 1413 edis
571 1356 674 1431 fruges
694 1356 869 1413 maturrime
889 1361 992 1431 partu:

257 1445 357 1513 Anna,
379 1459 525 1516 parantia,
548 1447 687 1517 augusta,
712 1441 872 1516 empanda,
897 1439 1055 1517 opulenta,
1072 1442 1174 1501 beata.

259 1526 417 1588 Suaviferu
437 1524 579 1583 exultans
600 1526 765 1601 gemmanti
785 1526 922 1602 gramine
942 1524 1014 1597 Dia,

256 1613 480 1688 Imbriproeax,
501 1610 581 1667 cirea
602 1629 692 1686 quam
717 1611 933 1688 signitenentia
952 1618 1067 1683 casua,

256 1698 298 1757 Et
317 1697 437 1757 coelum
456 1696 588 1754 aeternis
610 1695 727 1755 vicibus
746 1691 924 1755 torrentibu’
946 1695 1052 1754 fertur.

257 1782 340 1841 Diva
362 1800 474 1859 pareus
497 1800 573 1857 auge
593 1789 692 1838 terrae
714 1781 875 1840 viridantia
895 1780 990 1853 foeta,

259 1868 360 1941 Clara,
378 1868 500 1926 favente
521 1866 635 1939 animo,
660 1885 727 1923 eum
751 1866 970 1943 Temperiabus
989 1864 1113 1941 opimis.

259 2037 300 2096 26
467 2035 577 2093 Matris
598 2035 694 2094 Deum
713 2035 855 2111 suffimen,
876 2037 969 2093 uariu.

258 2123 355 2179 Mater
375 2127 546 2177 cunctorum
570 2119 788 2196 augustissima
809 2118 1051 2196 Caeligeuarum,

259 2206 328 2265 Huc
351 2205 394 2263 sis
417 2203 499 2262 Maia
516 2203 595 2277 Dea,
618 2204 723 2263 confer
740 2205 792 2262 ted
813 2205 852 2262 ad
872 2212 925 2261 tua
948 2221 1044 2275 sacra,

260 2291 461 2350 Taurivomus
482 2289 611 2366 iungens
633 2290 753 2348 citimus
775 2290 814 2347 ad
836 2308 923 2347 carra
943 2290 1078 2348 Leones.

259 2376 385 2437 Aeterni
406 2376 513 2453 regina
534 2376 612 2447 aovi,
635 2375 842 2447 celeberrima,
865 2376 992 2432 honora:

261 2462 346 2536 Quae
367 2462 468 2520 media
490 2461 594 2518 mundi
615 2468 679 2520 stas
702 2461 831 2531 fornice,
854 2459 935 2534 quod
959 2460 1042 2517 buna
1064 2465 1177 2516 terram

261 2548 335 2624 Ipsa
354 2554 450 2618 tenes,
473 2546 613 2605 homines
631 2545 748 2604 laetans
769 2545 838 2603 Dea
858 2545 956 2602 uisura
974 2551 1076 2620 pastu.

259 2633 308 2691 Ex
327 2640 357 2689 te
381 2630 624 2708 caeligenam,
648 2640 735 2689 exte
758 2629 928 2687 mortalium
947 2629 1035 2706 origo
1056 2637 1116 2702 est,

260 2717 300 2775 Et
320 2717 440 2791 liquens
462 2723 571 2774 natura
592 2717 649 2775 tibi
666 2716 742 2788 fluit,
764 2723 794 2773 et
815 2715 908 2778 maris
930 2714 1045 2772 humor.

260 2803 388 2861 Vestam
413 2810 443 2860 te
465 2802 606 2874 vocitant,
629 2810 719 2877 atque
741 2800 877 2859 Assidua
897 2799 1081 2876 indigitatio,

263 2887 353 2964 Quod
372 2887 440 2945 duis
458 2887 598 2945 humanis
620 2886 771 2963 poleralia
793 2886 907 2944 adorea
930 2884 1034 2942 multa.

261 2973 336 3033 Vise
355 2979 425 3031 tuos
446 2979 561 3044 castus,
585 2992 603 3029 ο
623 2971 751 3029 candida
769 2970 1029 3047 tumpanieultrix,

261 3058 390 3131 Victrix,
412 3054 516 3134 sospe’
538 3056 703 3135 Phrugum,
723 3055 845 3116 Saturni
866 3055 998 3112 maxima
1018 3053 1141 3125 coniux,

260 3144 392 3215 Moesia,
415 3140 592 3219 Coeligena,
614 3142 728 3213 nutrix,
748 3141 880 3199 fanatica
897 3139 973 3198 Dia:

262 3229 359 3287 Laeta
380 3229 463 3286 adsis
485 3236 608 3305 gratans
630 3227 719 3286 festis
740 3234 807 3283 rata
827 3225 958 3284 uultibus
981 3224 1078 3299 signa.

264 3398 303 3457 27
529 3397 671 3456 Mercurii
692 3398 833 3471 suffimen,
856 3404 910 3452 tus.

262 3483 356 3541 Maiai
380 3483 469 3557 stirps
490 3482 571 3540 alma
592 3482 746 3556 Iovisque,
769 3497 908 3551 aucense,
925 3479 1035 3549 viator,

263 3563 1175 3645 Magnanimumeorhabens,quinquertiu,uensorh0monnm,
