2532 4216
666 329 706 388 22

232 497 294 560 Sed
313 499 434 559 veniam
454 500 589 559 fortasse
610 507 714 557 meret.
737 518 796 556 non
816 497 922 555 ultima
943 515 1014 572 pars
1038 504 1086 556 est

274 585 400 658 Laudis,
419 585 451 643 in
473 585 662 644 Heinsiadae
683 583 797 660 scripta
816 582 911 642 fuisse
933 582 1019 640 libro.

219 812 225 826 ,
313 757 360 814 15.
404 756 444 814 Io
466 756 665 814 Mooeuadam
681 754 801 813 Poetam
822 754 1074 830 Burdigalenaem.

597 850 669 900 Nihil
685 850 781 899 fictum.

232 919 477 981 Summaenianis
497 919 594 979 Urbis
617 921 649 978 in
673 920 853 997 sepulcretis

231 1006 281 1064 Ad
298 1006 498 1082 prosedamm
521 1025 583 1064 non
604 1006 729 1065 trioboli
748 1005 854 1076 lustra,

231 1091 333 1149 Media
357 1090 492 1152 Saburra
515 1091 687 1150 bustuarias
711 1090 803 1148 aedes

233 1176 420 1235 Moneaudus
440 1175 567 1248 habitat,
589 1178 656 1250 quis
681 1175 822 1252 sepulcra
843 1171 983 1248 vespillo,

234 1261 311 1336 Quis
335 1267 505 1337 anteponat
525 1261 574 1317 vel
594 1259 762 1319 Gemonias
788 1266 894 1318 tortor.

234 1345 317 1406 Situs
347 1346 404 1405 sed
425 1344 496 1402 illas
519 1345 770 1419 commodumque
792 1342 994 1403 commendat:

232 1430 410 1489 Patentiore
428 1448 499 1486 nam
524 1430 664 1488 fruuntur
684 1438 820 1506 aspectu,

232 1514 300 1573 Nec
324 1515 388 1573 ulla
410 1533 518 1591 purum
540 1515 643 1591 tegula
662 1515 776 1583 invidet
799 1514 926 1585 caelum,

232 1600 381 1676 Patetque
404 1608 508 1671 totum,
531 1600 621 1675 quale
642 1600 779 1657 Termini
804 1606 924 1656 tectum.

233 1684 304 1745 Hoc
325 1686 446 1744 unicum
471 1692 519 1743 est
536 1684 677 1743 lacunar:
701 1685 790 1744 unica
811 1685 886 1741 haec
908 1682 953 1740 illi

233 1772 383 1830 Fenestra
406 1771 489 1831 claro
512 1788 601 1835 mane
620 1772 723 1840 lumen
746 1770 885 1827 admittit.

234 1856 321 1914 Haec
338 1877 394 1933 pro
416 1856 527 1914 camini
548 1857 654 1932 pervio
678 1857 759 1928 tubo,
780 1855 882 1932 nigros

235 1942 427 1999 Transmittit
449 1948 537 1998 extra
560 1940 733 2017 transfugas
757 1940 823 1997 heri
843 1939 954 1996 fumos.

235 2027 322 2084 Haeo
342 2046 395 2101 pro
416 2025 545 2101 perenni
564 2025 661 2096 fonte,
681 2025 731 2099 qui
754 2023 861 2100 procul
883 2023 986 2093 distat,

235 2113 374 2169 Laxante
393 2118 487 2167 totum
508 2109 642 2175 nimbido
664 2109 766 2166 Iovem
790 2108 884 2179 eaelo,

235 2196 377 2254 Demittit
396 2214 490 2252 urnae
512 2201 622 2270 sponte
646 2194 762 2252 defluos
785 2194 913 2252 imbres:

236 2280 440 2341 Tuscanicum
462 2279 508 2336 illi
527 2280 595 2350 huc,
615 2280 673 2337 hoc
690 2279 864 2336 cavaedium
881 2286 929 2337 est
942 2277 997 2338 illi.

235 2366 291 2424 Nil
310 2365 445 2434 exeunti,
470 2364 513 2421 nil
535 2372 565 2421 et
589 2365 691 2422 obstat
709 2364 848 2422 intranti:

235 2451 309 2510 Non
331 2451 489 2508 taediosae
511 2449 623 2525 pensili
642 2469 729 2508 mora
752 2449 865 2520 scalae,

235 2536 309 2594 Non
333 2535 476 2593 cochleae
497 2542 544 2593 tot
566 2535 722 2592 circularis
747 2534 909 2603 anfractus,

235 2620 310 2680 Non
334 2620 479 2678 eminenti
499 2620 651 2678 structiles
674 2620 786 2697 gradus
813 2619 912 2677 mole:

235 2708 294 2766 Est
313 2705 414 2764 facilis
436 2703 536 2763 aditus
560 2704 664 2776 limen,
685 2712 715 2762 et
734 2705 823 2781 pedis
839 2703 934 2781 plani.

235 2793 298 2849 Pro
318 2808 468 2847 marmore
490 2789 572 2861 albo,
596 2790 867 2863 emblematumque
890 2786 1035 2858 tessellis,

236 2875 345 2935 Dorsis
365 2874 588 2950 iniquis·tuber
607 2882 654 2932 est
678 2876 895 2951 pavimentum,

237 2960 329 3037 Quod
350 2967 397 3019 ter
417 2960 589 3034 quotannis,
610 2961 738 3032 ambis,
757 2966 809 3016 aut
828 2959 922 3017 semel
947 2955 1053 3015 verrit:

235 3049 392 3106 Asaroton
412 3044 486 3102 illud
508 3047 644 3103 nomines
667 3045 738 3102 lieet
761 3063 845 3102 sane.

193 3171 197 3181 -
236 3132 323 3189 Intus
344 3129 485 3206 supellex
507 3131 620 3207 excipit
642 3130 730 3187 domo
752 3129 854 3205 digna,

236 3216 320 3274 Hero
345 3215 485 3293 supellex
507 3216 612 3293 digna:
635 3214 727 3271 debili
750 3214 870 3290 sponda

237 3302 347 3377 Tripes
372 3302 527 3378 grabatus,
551 3298 705 3358 scandulis
728 3299 825 3359 tribus
847 3303 955 3365 tectus,

237 3387 299 3464 Qui
322 3387 510 3444 claudicante
531 3383 702 3444 semifultus
726 3384 757 3441 in
781 3401 913 3452 scamno,

236 3472 410 3544 Delumbis,
433 3480 462 3528 et
479 3471 613 3541 laxatus,
638 3468 771 3545 integros
792 3474 884 3526 noctu

233 3558 323 3617 Hero
344 3556 535 3632 periculosus
557 3554 671 3611 invidet
693 3571 827 3612 somnos.
