2560 4216
622 360 771 456 gog

243 521 291 591 88
506 523 560 609 Μὴ
582 526 713 610 sperone
734 525 780 590 ὅτι
799 524 896 594 τόξον.

243 613 333 689 Quod
352 622 459 675 tensos
479 633 578 688 arcus,
597 615 774 693 ,infestaque
796 614 868 688 tela,
891 614 1018 692 sagittas

285 703 365 760 Ante
385 718 469 760 meos
491 702 583 777 posui
603 709 670 761 cote
693 701 819 760 subacta
840 699 946 776 pedes,

245 785 336 862 Quod
357 785 477 844 clavam
495 792 596 863 gestat
616 802 735 859 manus,
758 786 881 861 hospes,
903 803 994 861 parce
1017 785 1130 858 timere,

286 869 430 946 Quodque
448 871 588 932 humeros
611 871 700 948 pellis
721 871 800 929 hirta
817 869 914 928 leonis
934 869 1006 928 obit

242 956 316 1033 Ipse
336 957 431 1015 malos
453 964 579 1030 tantum,
600 977 662 1015 non
684 975 790 1015 omnes
812 954 934 1013 laedere
956 954 1038 1028 novi,

286 1042 325 1100 Et
346 1060 471 1118 possum
492 1041 817 1118 aerumniseripuisse
839 1041 945 1099 bonos.

245 1208 292 1269 δ9
493 1206 589 1270 Ereta
608 1208 715 1282 πέλας,
737 1207 900 1290 δάκρυοον.

245 1294 328 1356 Siste
350 1295 486 1373 gradum,
507 1295 582 1355 siste
603 1297 728 1370 hospes,
756 1295 980 1370 inexpletisque
1003 1292 1114 1352 tuendo

287 1380 501 1458 Magniloquae
522 1380 638 1440 Niobes
659 1380 842 1439 illacrimare
861 1381 960 1440 malis.

245 1464 339 1524 Cuius
361 1465 444 1522 humi
465 1465 534 1523 telis
557 1473 694 1524 natorum
715 1484 842 1543 corpora
862 1466 915 1523 bix
936 1484 994 1524 sex

288 1549 370 1609 Hinc
390 1549 547 1623 Phoebus,
570 1551 686 1610 Phoebi
706 1549 814 1609 stravit
834 1557 865 1607 at
885 1549 955 1608 inde
977 1567 1072 1608 soror.

245 1636 415 1714 Ambiguae
434 1636 512 1694 haec
529 1636 608 1694 inter
629 1637 747 1696 silicem
769 1653 950 1710 carnemque
970 1635 1085 1712 figurae

287 1721 336 1780 Fit
355 1721 458 1798 lapis,v
472 1729 502 1780 et
524 1719 649 1799 Sipylus
673 1730 760 1780 caute
780 1727 907 1780 sonante
927 1721 1030 1797 gemit.

244 1805 300 1867 vis
326 1807 425 1867 morbi
447 1806 479 1866 in
499 1807 604 1884 lingua
624 1816 672 1866 est
690 1806 865 1867 mortalibus
887 1806 990 1864 insita.
1013 1799 1108 1878 saepe

287 1890 401 1951 Natum
423 1910 461 1950 ex
478 1892 595 1969 vinfreni
618 1892 793 1971 garrulitate
812 1891 926 1949 malum
948 1897 1005 1948 est.

246 2060 314 2121 612
497 2054 623 2139 Κύπρις,
645 2056 695 2119 ὅτε
718 2057 905 2119 σταλάουοα.

246 2145 322 2206 Cum
341 2144 446 2203 Venus
467 2146 612 2221 aequorei
633 2144 748 2221 spumis
770 2145 845 2204 salis
864 2145 924 2227 uda
945 2142 1073 2221 capillos

286 2230 379 2289 Edita
396 2230 557 2306 purpureis
578 2231 660 2291 nuda
681 2238 800 2288 nataret
820 2231 922 2305 aquis:

245 2315 393 2376 Uvidulos
414 2334 506 2374 roseo
530 2316 628 2375 crines
650 2315 775 2394 collegit
796 2317 834 2374 ab
858 2334 922 2388 ore,

287 2401 327 2460 Et
347 2400 446 2459 salsas
469 2409 568 2479 guttas
592 2402 716 2462 strinxit
736 2408 862 2475 utraque
882 2419 984 2470 mauu,

244 2485 400 2546 Hactenus
421 2487 551 2547 extendo
570 2507 630 2563 qua
647 2488 705 2546 fas.
731 2484 765 2546 si
786 2487 863 2545 talis
880 2486 912 2543 in
930 2483 1014 2542 unda

219 2625 223 2629 .
286 2571 362 2630 Visa
381 2572 448 2644 fuit,
468 2572 574 2633 Martis
594 2581 721 2650 pectora
743 2573 842 2630 turbet
864 2590 955 2628 amor.

246 2739 315 2800 520
527 2734 638 2821 Ῥώμη
659 2737 879 2822 παμβασιλεια.

246 2827 291 2885 Te
313 2845 465 2904 nunquam
486 2827 609 2888 amissis
633 2826 729 2903 fugiet
750 2825 884 2884 Victoria
905 2821 1025 2900 pennis,

285 2908 353 2972 Nec
376 2921 428 2972 tua
447 2914 518 2971 laus
539 2910 658 2989 poterit,
672 2911 816 2969 'maxima
836 2911 944 2981 Roma,
967 2906 1051 2966 mori.

247 3081 321 3160 ζ(1)
559 3075 639 3141 Ἡδὺ
666 3076 760 3161 μέλος
781 3076 827 3157 νὴ.

244 3167 343 3227 Dulce
366 3175 485 3240 sonam,
506 3186 575 3225 mea
596 3166 777 3242 Zenophile,
803 3171 856 3222 tua
877 3163 1025 3220 carmina:
1049 3161 1139 3221 docto

287 3252 413 3325 Pollice,
437 3254 482 3311 sic
500 3253 602 3310 faveat
620 3252 687 3309 Pan
710 3251 794 3323 mihi,
824 3247 912 3306 dulce
934 3252 1052 3307 sonant.

245 3335 311 3410 Quo
330 3338 444 3416 fugiam
462 3338 516 3395 tel
535 3356 584 3394 me
606 3337 729 3414 cingunt
749 3334 892 3411 indagine
913 3351 1042 3405 amores,

289 3420 357 3480 Nec
377 3422 550 3500 respirandi
568 3429 687 3498 tempus
712 3429 741 3479 et
763 3421 840 3478 hora
860 3418 957 3476 datur.
1019 3492 1021 3497 ,

244 3503 333 3564 Unde
345 3508 419 3565 mihi
431 3508 546 3565 formae
559 3508 635 3564 haec
649 3526 723 3564 aura
736 3504 866 3582 appulit:
882 3511 934 3561 aut
949 3521 986 3560 ea
996 3503 1087 3559 Musa
1102 3504 1156 3569 est,

288 3595 349 3650 Aut
370 3590 479 3651 Charis
499 3600 559 3653 est:
586 3591 673 3664 eheu,
696 3591 767 3666 quid
790 3589 916 3664 loquor?
938 3606 1017 3660 uror,
1040 3603 1117 3643 amo.
