2604 4210
577 362 580 373 ·
647 340 798 436 aa„

267 513 471 588 Insperatum‚
491 509 613 581 ardens,
634 509 767 569 viatricis
788 507 906 568 missile
923 508 1062 580 dextrae,

269 596 463 657 Omnivorum
485 594 594 652 insano
614 595 764 672 plangens
785 595 911 653 horrore
934 592 1106 666 tumultum,

267 681 462 753 Indomitum,
483 678 675 753 horriferum,
698 679 840 741 candenti
856 678 978 736 flamine
1001 695 1163 757 praeceps.

152 764 161 779 ‘
268 765 463 844 Oselivagnm
481 764 587 837 telum,
607 765 707 836 velox,
728 764 812 823 Iovis
833 763 925 822 Elieii
942 782 1039 835 arma,

269 851 365 928 Quem
376 851 476 910 tremit
488 848 684 926 omniparens
695 849 813 922 Tellus,
827 865 914 923 quem
926 867 1077 909 marmora
1088 848 1185 920 salsa,

267 937 406 1012 Vivaque
428 934 542 1007 saecla,
566 953 662 994 eonor
677 943 799 1012 tergens
819 951 888 992 eum
905 941 1054 1010 personat
1076 937 1185 995 aurest

267 1022 448 1080 Luminibus
471 1018 561 1097 fulgit
581 1018 713 1097 speeies,
737 1019 828 1076 rubra
847 1018 968 1096 fulgura
988 1019 1154 1094 splendent

267 1108 358 1167 Aeris
381 1107 413 1163 in
435 1105 543 1176 caulis,
564 1112 594 1161 et
614 1104 719 1163 tenuia
736 1104 869 1181 tegmina
892 1102 1048 1177 scindens,

268 1191 404 1266 Obnupti
427 1189 514 1250 Coeli
532 1190 696 1248 candentia
715 1189 844 1247 fulmina
865 1196 999 1263 torques.

267 1279 327 1338 Ast
345 1296 363 1333 o
383 1275 454 1347 Die,
475 1275 595 1333 effunde
619 1276 682 1332 iras
703 1274 782 1350 apud
807 1292 940 1348 aequora
959 1272 1054 1344 salsa,

267 1362 307 1420 Et
325 1368 470 1418 montana
490 1359 578 1436 iuges
598 1359 677 1417 hand
689 1366 742 1416 tua
755 1359 871 1418 robora
880 1376 989 1435 magne
1000 1357 1100 1416 latent
1115 1377 1184 1418 nos.

268 1445 331 1506 Sed
349 1445 455 1503 faveas
477 1444 583 1515 saeris,
605 1453 636 1500 et
657 1439 800 1502 mentibu'
823 1450 910 1521 grata
930 1443 1065 1518 repende

267 1529 350 1589 Vitai
372 1531 453 1588 bona
474 1546 555 1600 cara,
578 1529 712 1606 vigentia
732 1547 827 1606 regna
848 1529 966 1588 salutis.

266 1617 308 1676 Et
328 1634 434 1693 paoem
457 1613 581 1686 Divum,
606 1615 751 1672 nutricem
777 1632 898 1690 semper
920 1614 1087 1671 honorame

266 1702 307 1761 Et
328 1701 438 1759 vietum
459 1698 648 1775 aequanimis
669 1717 790 1775 semper
811 1698 977 1758 rationibus
1000 1705 1117 1774 aptum.

271 1871 309 1930 19
416 1872 494 1928 Ioum
514 1869 659 1945 Fulgebit
679 1870 819 1944 suffimen,
840 1868 1055 1926 liberamento.

268 1957 417 2017 Obtestor
437 1972 591 2030 magnum,
616 1954 878 2030 perterricrepam,
902 1952 1110 2025 manifestum,

266 2040 402 2112 Aeriam,
426 2040 642 2111 flammantem,
663 2039 897 2116 igniereperum,
920 2036 1098 2110 aerilueum,

266 2124 402 2183 Nubium
423 2123 618 2200 instigantem
641 2131 744 2183 aestus
765 2117 939 2201 singultibu‘
961 2122 1070 2195 brutis,
1287 2170 1288 2177 ,

268 2208 470 2280 Horrendum,
493 2208 646 2281 insanum,
667 2209 858 2282 indomitum,
878 2206 1037 2269 lustrabile
1058 2227 1182 2279 numen,
1287 2224 1288 2227 ’

266 2294 504 2372 Fulgetrumque
524 2293 626 2352 Iovem
641 2294 899 2370 induperatorem,
923 2292 1181 2369 omnigenontem,

267 2380 403 2439 Tradere
424 2379 591 2438 inoffensae
611 2379 685 2438 vitai
707 2379 866 2437 terminum
890 2396 1061 2435 amoenum.

270 2549 312 2609 20
485 2550 668 2609 Nebulonem
686 2551 828 2625 ausfirnen,
848 2566 956 2607 murra.

266 2636 377 2695 Aeriae
400 2633 540 2707 nebulae,
563 2635 745 2712 eerivolgae,
764 2633 999 2711 frugiparentes,

267 2719 466 2795 Imbriparae,
493 2738 549 2795 per
568 2720 711 2778 mundum
733 2720 866 2797 agitatae
887 2718 1061 2795 ingentibus
1084 2718 1182 2779 aurist
1287 2788 1288 2807 χ

266 2804 455 2877 Fulmineae,
470 2804 594 2881 ignitae,
609 2812 773 2880 streperae,
787 2813 878 2880 atque
891 2802 1181 2880 humectivagantes‚

266 2890 357 2950 Aeris
378 2890 409 2947 in
432 2889 545 2967 gremio
568 2890 722 2950 hortantes
743 2888 907 2947 inamabile
928 2906 1080 2946 murmur:

265 2974 456 3035 Fluminibus
478 2975 585 3050 pulsae
609 2975 773 3034 stridentes
795 2975 909 3050 impete
933 2991 1053 3050 magno.

266 3059 358 3119 Nune
379 3079 436 3119 vos
460 3060 634 3119 roscidulae
655 3062 787 3119 obtestor
814 3059 998 3135 spirantibus
1022 3057 1116 3131 auris,

267 3145 473 3221 Praecipitare
489 3145 601 3205 imbres
622 3146 784 3203 interram
806 3144 1028 3222 frugiferentes.

268 3314 306 3373 21
348 3316 444 3372 mooe
462 3313 591 3373 Venetae
605 3314 742 3374 Salaciae
753 3317 894 3392 suffimen,
907 3316 1124 3374 libanomenua.

268 3399 386 3459 Oeeani
406 3399 548 3458 induealo
570 3408 601 3458 te
623 3400 732 3478 glauca
751 3401 874 3459 Venilia
894 3399 1007 3478 proles,

267 3481 485 3560 Caerulipalla,
507 3503 621 3562 vagans
644 3487 714 3545 loca
735 3505 789 3563 per
809 3486 955 3544 laetantia
975 3484 1078 3556 Ponti,

268 3570 327 3626 Am
348 3576 447 3628 terrae
467 3569 538 3628 finis
561 3570 860 3631 exercitasuavibus
885 3572 978 3643 auris,
