<?xml version="1.0" encoding="UTF-8"?>
<!DOCTYPE html PUBLIC "-//W3C//DTD XHTML 1.0 Transitional//EN"
    "http://www.w3.org/TR/xhtml1/DTD/xhtml1-transitional.dtd">
<html xmlns="http://www.w3.org/1999/xhtml" xml:lang="en" lang="en">
 <head>
  <title>
</title>
<meta http-equiv="Content-Type" content="text/html;charset=utf-8" />
  <meta name='ocr-system' content='tesseract 3.04.00' />
  <meta name='ocr-capabilities' content='ocr_page ocr_carea ocr_par ocr_line ocrx_word'/>
</head>
<body>
  <div class='ocr_page' id='page_1' title='image "./iosephiscaliger01scalgoog_0043.png"; bbox 0 0 2532 4216; ppageno 0'>
   <div class='ocr_carea' id='block_1_1' title="bbox 627 374 776 468">
    <p class='ocr_par' dir='ltr' id='par_1_1' title="bbox 627 374 776 468">
     <span class='ocr_line' id='line_1_1' title="bbox 627 374 776 468; baseline 0 -34"><span class='ocrx_word' id='word_1_1' title='bbox 627 374 776 468; x_wconf 57' lang='lat'><em>—36—</em></span> 
     </span>
    </p>
   </div>
   <div class='ocr_carea' id='block_1_2' title="bbox 244 540 1168 1197">
    <p class='ocr_par' dir='ltr' id='par_1_2' title="bbox 246 540 1168 698">
     <span class='ocr_line' id='line_1_2' title="bbox 246 540 1168 620; baseline 0.001 -19"><span class='ocrx_word' id='word_1_2' title='bbox 246 540 295 601; x_wconf 84' lang='lat'>39.</span> <span class='ocrx_word' id='word_1_3' title='bbox 347 544 386 613; x_wconf 80' lang='lat' dir='ltr'>In</span> <span class='ocrx_word' id='word_1_4' title='bbox 411 541 584 601; x_wconf 64' lang='lat' dir='ltr'>Limicorum</span> <span class='ocrx_word' id='word_1_5' title='bbox 614 544 831 620; x_wconf 73' lang='lat' dir='ltr'><em>compilatores,</em></span> <span class='ocrx_word' id='word_1_6' title='bbox 859 545 1028 617; x_wconf 73' lang='lat' dir='ltr'>inscriptum</span> <span class='ocrx_word' id='word_1_7' title='bbox 1054 543 1168 615; x_wconf 67' lang='grc' dir='ltr'>Βοσάρα</span> 
     </span>
     <span class='ocr_line' id='line_1_3' title="bbox 408 627 1083 698; baseline 0.001 -15"><span class='ocrx_word' id='word_1_8' title='bbox 408 627 536 686; x_wconf 74' lang='lat' dir='ltr'>Arabico</span> <span class='ocrx_word' id='word_1_9' title='bbox 561 648 581 685; x_wconf 83' lang='lat' dir='ltr'><strong><em>a</em></strong></span> <span class='ocrx_word' id='word_1_10' title='bbox 603 647 633 686; x_wconf 80' lang='grc' dir='ltr'>οε</span> <span class='ocrx_word' id='word_1_11' title='bbox 655 628 780 698; x_wconf 79' lang='lat' dir='ltr'><em>collecto,</em></span> <span class='ocrx_word' id='word_1_12' title='bbox 803 630 835 685; x_wconf 77' lang='lat' dir='ltr'>in</span> <span class='ocrx_word' id='word_1_13' title='bbox 858 628 993 685; x_wconf 72' lang='lat' dir='ltr'>Batavis.</span> <span class='ocrx_word' id='word_1_14' title='bbox 1080 644 1083 650; x_wconf 51' lang='lat'>¹</span> 
     </span>
    </p>

    <p class='ocr_par' dir='ltr' id='par_1_3' title="bbox 246 708 1020 874">
     <span class='ocr_line' id='line_1_4' title="bbox 246 708 1020 784; baseline -0.005 -12"><span class='ocrx_word' id='word_1_15' title='bbox 246 708 280 772; x_wconf 85' lang='lat' dir='ltr'>Si</span> <span class='ocrx_word' id='word_1_16' title='bbox 303 728 392 784; x_wconf 89' lang='lat' dir='ltr'><strong>quem</strong></span> <span class='ocrx_word' id='word_1_17' title='bbox 413 712 488 770; x_wconf 80' lang='lat' dir='ltr'>dura</span> <span class='ocrx_word' id='word_1_18' title='bbox 508 720 610 770; x_wconf 82' lang='lat' dir='ltr'><strong>manet</strong></span> <span class='ocrx_word' id='word_1_19' title='bbox 633 713 785 772; x_wconf 82' lang='lat' dir='ltr'>sententia</span> <span class='ocrx_word' id='word_1_20' title='bbox 806 711 914 769; x_wconf 83' lang='lat' dir='ltr'>iudicis</span> <span class='ocrx_word' id='word_1_21' title='bbox 936 711 1020 783; x_wconf 89' lang='lat' dir='ltr'>olim,</span> 
     </span>
     <span class='ocr_line' id='line_1_5' title="bbox 288 793 1014 874; baseline 0.003 -22"><span class='ocrx_word' id='word_1_22' title='bbox 288 793 473 855; x_wconf 80' lang='lat' dir='ltr'><strong>Damnatum</strong></span> <span class='ocrx_word' id='word_1_23' title='bbox 495 798 648 857; x_wconf 82' lang='lat' dir='ltr'>aerumnis</span> <span class='ocrx_word' id='word_1_24' title='bbox 669 797 887 874; x_wconf 77' lang='lat' dir='ltr'>suppliciisque</span> <span class='ocrx_word' id='word_1_25' title='bbox 910 803 1014 873; x_wconf 79' lang='lat' dir='ltr'>caput:</span> 
     </span>
    </p>

    <p class='ocr_par' dir='ltr' id='par_1_4' title="bbox 245 880 1019 1045">
     <span class='ocr_line' id='line_1_6' title="bbox 245 880 1019 959; baseline 0.003 -21"><span class='ocrx_word' id='word_1_26' title='bbox 245 880 335 939; x_wconf 79' lang='lat' dir='ltr'>Hunc</span> <span class='ocrx_word' id='word_1_27' title='bbox 356 901 453 956; x_wconf 86' lang='lat' dir='ltr'>neque</span> <span class='ocrx_word' id='word_1_28' title='bbox 472 883 574 941; x_wconf 85' lang='lat' dir='ltr'>fabrili</span> <span class='ocrx_word' id='word_1_29' title='bbox 595 883 713 942; x_wconf 78' lang='lat' dir='ltr'><strong>lassent</strong></span> <span class='ocrx_word' id='word_1_30' title='bbox 733 883 887 959; x_wconf 81' lang='lat' dir='ltr'>ergastula</span> <span class='ocrx_word' id='word_1_31' title='bbox 904 900 1019 953; x_wconf 76' lang='lat' dir='ltr'><strong>massa,</strong></span> 
     </span>
     <span class='ocr_line' id='line_1_7' title="bbox 286 958 1014 1045; baseline 0.004 -22"><span class='ocrx_word' id='word_1_32' title='bbox 286 963 354 1024; x_wconf 82' lang='lat' dir='ltr'>Nec</span> <span class='ocrx_word' id='word_1_33' title='bbox 372 967 488 1045; x_wconf 77' lang='lat' dir='ltr'>rigidas</span> <span class='ocrx_word' id='word_1_34' title='bbox 510 976 624 1026; x_wconf 82' lang='lat' dir='ltr'>vexent</span> <span class='ocrx_word' id='word_1_35' title='bbox 644 968 729 1027; x_wconf 79' lang='lat' dir='ltr'><strong>fossa</strong></span> <span class='ocrx_word' id='word_1_36' title='bbox 750 958 875 1026; x_wconf 83' lang='lat' dir='ltr'>metalIa</span> <span class='ocrx_word' id='word_1_37' title='bbox 897 985 1014 1026; x_wconf 80' lang='lat' dir='ltr'><strong>manus.</strong></span> 
     </span>
    </p>

    <p class='ocr_par' dir='ltr' id='par_1_5' title="bbox 244 1051 1147 1197">
     <span class='ocr_line' id='line_1_8' title="bbox 244 1051 1147 1128; baseline -0.002 -18"><span class='ocrx_word' id='word_1_38' title='bbox 244 1051 364 1110; x_wconf 79' lang='lat' dir='ltr'>Lexica</span> <span class='ocrx_word' id='word_1_39' title='bbox 386 1060 539 1125; x_wconf 81' lang='lat' dir='ltr'>contexat,</span> <span class='ocrx_word' id='word_1_40' title='bbox 561 1072 632 1110; x_wconf 84' lang='lat' dir='ltr'>nam</span> <span class='ocrx_word' id='word_1_41' title='bbox 654 1060 773 1111; x_wconf 78' lang='lat' dir='ltr'>caetera</span> <span class='ocrx_word' id='word_1_42' title='bbox 794 1053 867 1128; x_wconf 89' lang='lat' dir='ltr'>quid</span> <span class='ocrx_word' id='word_1_43' title='bbox 888 1051 1012 1110; x_wconf 74' lang='lat' dir='ltr'>moror?</span> <span class='ocrx_word' id='word_1_44' title='bbox 1034 1068 1147 1109; x_wconf 76' lang='lat' dir='ltr'>omnes</span> 
     </span>
     <span class='ocr_line' id='line_1_9' title="bbox 287 1136 978 1197; baseline -0.001 -2"><span class='ocrx_word' id='word_1_45' title='bbox 287 1136 462 1195; x_wconf 80' lang='lat' dir='ltr'>Poenarum</span> <span class='ocrx_word' id='word_1_46' title='bbox 483 1138 577 1197; x_wconf 82' lang='lat' dir='ltr'>facies</span> <span class='ocrx_word' id='word_1_47' title='bbox 599 1138 649 1196; x_wconf 82' lang='lat' dir='ltr'>hic</span> <span class='ocrx_word' id='word_1_48' title='bbox 670 1138 760 1197; x_wconf 80' lang='lat' dir='ltr'>labor</span> <span class='ocrx_word' id='word_1_49' title='bbox 778 1157 856 1196; x_wconf 86' lang='lat' dir='ltr'>unus</span> <span class='ocrx_word' id='word_1_50' title='bbox 878 1138 978 1195; x_wconf 83' lang='lat' dir='ltr'>habet.</span> 
     </span>
    </p>
   </div>
   <div class='ocr_carea' id='block_1_3' title="bbox 242 1300 1126 2504">
    <p class='ocr_par' dir='ltr' id='par_1_6' title="bbox 242 1300 1126 2002">
     <span class='ocr_line' id='line_1_10' title="bbox 298 1300 1116 1410; baseline -0.002 -46"><span class='ocrx_word' id='word_1_51' title='bbox 298 1305 347 1365; x_wconf 74' lang='lat'>40.</span> <span class='ocrx_word' id='word_1_52' title='bbox 388 1307 440 1410; x_wconf 49' lang='lat' dir='ltr'>Ep</span> <span class='ocrx_word' id='word_1_53' title='bbox 462 1306 625 1408; x_wconf 68' lang='grc' dir='ltr'>βαλριηοιιο,</span> <span class='ocrx_word' id='word_1_54' title='bbox 649 1307 871 1365; x_wconf 78' lang='lat' dir='ltr'>Proverbiorum</span> <span class='ocrx_word' id='word_1_55' title='bbox 893 1324 959 1381; x_wconf 79' lang='lat' dir='ltr'><strong><em>cap.</em></strong></span> <span class='ocrx_word' id='word_1_56' title='bbox 983 1300 1116 1363; x_wconf 89' lang='lat' dir='ltr'><em>XXXL</em></span> 
     </span>
     <span class='ocr_line' id='line_1_11' title="bbox 245 1384 1112 1471; baseline -0.001 -21"><span class='ocrx_word' id='word_1_57' title='bbox 245 1384 297 1457; x_wconf 81' lang='grc' dir='ltr'>Τίς</span> <span class='ocrx_word' id='word_1_58' title='bbox 316 1387 383 1455; x_wconf 90' lang='grc' dir='ltr'>ποτ</span> <span class='ocrx_word' id='word_1_59' title='bbox 408 1386 628 1471; x_wconf 78' lang='grc' dir='ltr'>ἀριστεύουσαν</span> <span class='ocrx_word' id='word_1_60' title='bbox 653 1387 684 1449; x_wconf 82' lang='grc' dir='ltr'>ἑν</span> <span class='ocrx_word' id='word_1_61' title='bbox 703 1388 847 1470; x_wconf 81' lang='grc' dir='ltr'>ἀνδράσιν</span> <span class='ocrx_word' id='word_1_62' title='bbox 870 1384 943 1469; x_wconf 78' lang='grc' dir='ltr'>εὗρε</span> <span class='ocrx_word' id='word_1_63' title='bbox 960 1390 1112 1467; x_wconf 71' lang='grc' dir='ltr'>γυναῖκας</span> 
     </span>
     <span class='ocr_line' id='line_1_12' title="bbox 244 1469 990 1576; baseline -0.001 -43"><span class='ocrx_word' id='word_1_64' title='bbox 244 1473 264 1555; x_wconf 81' lang='grc' dir='ltr'>ἡ</span> <span class='ocrx_word' id='word_1_65' title='bbox 289 1471 323 1534; x_wconf 75' lang='grc' dir='ltr'>δὲ</span> <span class='ocrx_word' id='word_1_66' title='bbox 345 1473 454 1576; x_wconf 83' lang='grc' dir='ltr'>χλιδῆς</span> <span class='ocrx_word' id='word_1_67' title='bbox 474 1472 575 1553; x_wconf 81' lang='grc' dir='ltr'>πάσης</span> <span class='ocrx_word' id='word_1_68' title='bbox 598 1471 737 1541; x_wconf 75' lang='grc' dir='ltr'><strong>ἀντάξιος</strong></span> <span class='ocrx_word' id='word_1_69' title='bbox 756 1469 990 1554; x_wconf 80' lang='grc' dir='ltr'>άντεράσασθαι.</span> 
     </span>
     <span class='ocr_line' id='line_1_13' title="bbox 246 1555 1035 1661; baseline -0.004 -43"><span class='ocrx_word' id='word_1_70' title='bbox 246 1556 279 1618; x_wconf 85' lang='grc' dir='ltr'>ἐν</span> <span class='ocrx_word' id='word_1_71' title='bbox 265 1555 448 1639; x_wconf 77' lang='grc' dir='ltr'>νταύτηςη</span> <span class='ocrx_word' id='word_1_72' title='bbox 438 1556 488 1640; x_wconf 75' lang='grc' dir='ltr'>ρὰρ</span> <span class='ocrx_word' id='word_1_73' title='bbox 511 1558 600 1641; x_wconf 84' lang='grc' dir='ltr'>χερσὶ</span> <span class='ocrx_word' id='word_1_74' title='bbox 624 1557 712 1661; x_wconf 84' lang='grc' dir='ltr'>φίλον</span> <span class='ocrx_word' id='word_1_75' title='bbox 735 1555 811 1639; x_wconf 80' lang='grc' dir='ltr'>κέαρ</span> <span class='ocrx_word' id='word_1_76' title='bbox 833 1556 946 1660; x_wconf 78' lang='grc' dir='ltr'>ἀνδρὸς</span> <span class='ocrx_word' id='word_1_77' title='bbox 969 1556 1035 1617; x_wconf 80' lang='grc' dir='ltr'>ἑοῖο</span> 
     </span>
     <span class='ocr_line' id='line_1_14' title="bbox 248 1639 1126 1723; baseline -0.005 -20"><span class='ocrx_word' id='word_1_78' title='bbox 248 1639 383 1718; x_wconf 84' lang='grc' dir='ltr'>ἔλπεται,</span> <span class='ocrx_word' id='word_1_79' title='bbox 409 1640 574 1703; x_wconf 80' lang='grc' dir='ltr'>εὐκτεάνου</span> <span class='ocrx_word' id='word_1_80' title='bbox 596 1641 630 1702; x_wconf 86' lang='grc' dir='ltr'>δὲ</span> <span class='ocrx_word' id='word_1_81' title='bbox 652 1640 766 1723; x_wconf 85' lang='grc' dir='ltr'>ἀτέμβε</span> <span class='ocrx_word' id='word_1_82' title='bbox 768 1663 817 1702; x_wconf 89' lang='grc' dir='ltr'>ται</span> <span class='ocrx_word' id='word_1_83' title='bbox 838 1639 1063 1721; x_wconf 80' lang='grc' dir='ltr'>οὔποτελείης.</span> <span class='ocrx_word' id='word_1_84' title='bbox 1124 1684 1126 1687; x_wconf 63' lang='lat'><em>.</em></span> 
     </span>
     <span class='ocr_line' id='line_1_15' title="bbox 245 1722 1026 1831; baseline -0.005 -43"><span class='ocrx_word' id='word_1_85' title='bbox 245 1748 297 1788; x_wconf 88' lang='grc' dir='ltr'>και</span> <span class='ocrx_word' id='word_1_86' title='bbox 291 1724 336 1787; x_wconf 81' lang='grc' dir='ltr'>ἑ</span> <span class='ocrx_word' id='word_1_87' title='bbox 359 1726 435 1808; x_wconf 76' lang='grc' dir='ltr'>γυνη</span> <span class='ocrx_word' id='word_1_88' title='bbox 459 1725 647 1830; x_wconf 68' lang='grc' dir='ltr'>πρόφρασσα</span> <span class='ocrx_word' id='word_1_89' title='bbox 671 1724 920 1831; x_wconf 73' lang='grc' dir='ltr'>φιλοφροσύνηρι</span> <span class='ocrx_word' id='word_1_90' title='bbox 942 1722 1026 1785; x_wconf 79' lang='grc' dir='ltr'>νόοιο</span> 
     </span>
     <span class='ocr_line' id='line_1_16' title="bbox 248 1807 1123 1916; baseline 0 -44"><span class='ocrx_word' id='word_1_91' title='bbox 248 1809 284 1872; x_wconf 80' lang='grc' dir='ltr'>οὐ</span> <span class='ocrx_word' id='word_1_92' title='bbox 306 1812 400 1873; x_wconf 90' lang='grc' dir='ltr'>κακδν</span> <span class='ocrx_word' id='word_1_93' title='bbox 426 1811 495 1872; x_wconf 85' lang='grc' dir='ltr'>άλλ</span> <span class='ocrx_word' id='word_1_94' title='bbox 520 1809 630 1872; x_wconf 85' lang='grc' dir='ltr'>ἐσθλόν</span> <span class='ocrx_word' id='word_1_95' title='bbox 652 1833 679 1871; x_wconf 89' lang='grc' dir='ltr'>τι</span> <span class='ocrx_word' id='word_1_96' title='bbox 699 1810 860 1894; x_wconf 77' lang='grc' dir='ltr'>ἀμείβεται</span> <span class='ocrx_word' id='word_1_97' title='bbox 852 1807 988 1916; x_wconf 77' lang='grc' dir='ltr'>ἤματα</span> <span class='ocrx_word' id='word_1_98' title='bbox 1009 1810 1123 1873; x_wconf 91' lang='grc' dir='ltr'>πάντα.</span> 
     </span>
     <span class='ocr_line' id='line_1_17' title="bbox 242 1889 1057 2002; baseline 0.001 -47"><span class='ocrx_word' id='word_1_99' title='bbox 242 1894 263 2002; x_wconf 64' lang='grc' dir='ltr'><strong><em>ᾗ</em></strong></span> <span class='ocrx_word' id='word_1_100' title='bbox 285 1915 317 1955; x_wconf 89' lang='grc' dir='ltr'>τε</span> <span class='ocrx_word' id='word_1_101' title='bbox 311 1893 554 2000; x_wconf 66' lang='grc' dir='ltr'>μετερηρμένη</span> <span class='ocrx_word' id='word_1_102' title='bbox 577 1897 636 1955; x_wconf 85' lang='grc' dir='ltr'>τῶν</span> <span class='ocrx_word' id='word_1_103' title='bbox 662 1895 726 1954; x_wconf 89' lang='grc' dir='ltr'>ἐν</span> <span class='ocrx_word' id='word_1_104' title='bbox 718 1895 823 1977; x_wconf 79' lang='grc' dir='ltr'>φρεσὶν</span> <span class='ocrx_word' id='word_1_105' title='bbox 844 1889 899 1976; x_wconf 73' lang='grc' dir='ltr'>ᾗσι</span> <span class='ocrx_word' id='word_1_106' title='bbox 922 1899 1057 1996; x_wconf 79' lang='grc' dir='ltr'>μενοινᾷ,</span> 
     </span>
    </p>

    <p class='ocr_par' dir='ltr' id='par_1_7' title="bbox 243 1977 1036 2483">
     <span class='ocr_line' id='line_1_18' title="bbox 243 1977 995 2084; baseline -0.001 -45"><span class='ocrx_word' id='word_1_107' title='bbox 243 2002 263 2061; x_wconf 91' lang='grc' dir='ltr'>η</span> <span class='ocrx_word' id='word_1_108' title='bbox 287 1977 420 2054; x_wconf 82' lang='grc' dir='ltr'>λίνον,</span> <span class='ocrx_word' id='word_1_109' title='bbox 404 2002 423 2061; x_wconf 90' lang='grc' dir='ltr'>η</span> <span class='ocrx_word' id='word_1_110' title='bbox 447 2000 534 2082; x_wconf 89' lang='grc' dir='ltr'>εριον</span> <span class='ocrx_word' id='word_1_111' title='bbox 555 1977 726 2060; x_wconf 82' lang='grc' dir='ltr'>φιλερίθοις</span> <span class='ocrx_word' id='word_1_112' title='bbox 748 1978 838 2084; x_wconf 80' lang='grc' dir='ltr'>χερσὶ</span> <span class='ocrx_word' id='word_1_113' title='bbox 860 1977 995 2039; x_wconf 83' lang='grc' dir='ltr'>πονεύει.</span> 
     </span>
     <span class='ocr_line' id='line_1_19' title="bbox 246 2059 986 2167; baseline 0 -44"><span class='ocrx_word' id='word_1_114' title='bbox 246 2060 357 2144; x_wconf 79' lang='grc' dir='ltr'>τηλόθι</span> <span class='ocrx_word' id='word_1_115' title='bbox 382 2062 411 2123; x_wconf 80' lang='grc' dir='ltr'>δ’</span> <span class='ocrx_word' id='word_1_116' title='bbox 437 2063 466 2122; x_wconf 82' lang='grc' dir='ltr'>οἱ</span> <span class='ocrx_word' id='word_1_117' title='bbox 488 2059 602 2145; x_wconf 85' lang='grc' dir='ltr'>βιότοιο</span> <span class='ocrx_word' id='word_1_118' title='bbox 626 2060 822 2167; x_wconf 77' lang='grc' dir='ltr'>ποριζετριι”</span> <span class='ocrx_word' id='word_1_119' title='bbox 801 2070 855 2144; x_wconf 86' lang='grc' dir='ltr'>ηϊα</span> <span class='ocrx_word' id='word_1_120' title='bbox 877 2063 986 2141; x_wconf 84' lang='grc' dir='ltr'>πάντα,</span> 
     </span>
     <span class='ocr_line' id='line_1_20' title="bbox 247 2145 1045 2250; baseline 0.001 -43.025"><span class='ocrx_word' id='word_1_121' title='bbox 247 2146 299 2208; x_wconf 78' lang='grc' dir='ltr'>οάῖ</span> <span class='ocrx_word' id='word_1_122' title='bbox 279 2168 364 2214; x_wconf 91' lang='grc' dir='ltr'>ατις</span> <span class='ocrx_word' id='word_1_123' title='bbox 386 2147 568 2228; x_wconf 84' lang='grc' dir='ltr'>ἐμπεράμοο</span> <span class='ocrx_word' id='word_1_124' title='bbox 592 2145 793 2250; x_wconf 56' lang='grc' dir='ltr'>φιλονερδενος</span> <span class='ocrx_word' id='word_1_125' title='bbox 812 2147 938 2228; x_wconf 85' lang='grc' dir='ltr'>ὠκυάλη</span> <span class='ocrx_word' id='word_1_126' title='bbox 962 2150 1045 2229; x_wconf 81' lang='grc' dir='ltr'>νηῦς.</span> 
     </span>
     <span class='ocr_line' id='line_1_21' title="bbox 245 2229 1034 2336; baseline -0.001 -44"><span class='ocrx_word' id='word_1_127' title='bbox 245 2230 375 2313; x_wconf 72' lang='grc' dir='ltr'>καὶγὰρ</span> <span class='ocrx_word' id='word_1_128' title='bbox 400 2230 597 2313; x_wconf 81' lang='grc' dir='ltr'>ἐρημολεχὴς</span> <span class='ocrx_word' id='word_1_129' title='bbox 620 2252 722 2336; x_wconf 89' lang='grc' dir='ltr'>κοιτης</span> <span class='ocrx_word' id='word_1_130' title='bbox 743 2229 898 2335; x_wconf 76' lang='grc' dir='ltr'>ἄγχαυρον</span> <span class='ocrx_word' id='word_1_131' title='bbox 923 2229 1034 2336; x_wconf 81' lang='grc' dir='ltr'>ἀνέστη</span> 
     </span>
     <span class='ocr_line' id='line_1_22' title="bbox 245 2314 1000 2423; baseline -0.001 -47"><span class='ocrx_word' id='word_1_132' title='bbox 245 2314 381 2423; x_wconf 82' lang='grc' dir='ltr'>ἐννοχιη,</span> <span class='ocrx_word' id='word_1_133' title='bbox 406 2314 540 2382; x_wconf 83' lang='grc' dir='ltr'>ἀταλοδς</span> <span class='ocrx_word' id='word_1_134' title='bbox 563 2336 739 2396; x_wconf 84' lang='grc' dir='ltr'>μενοεικεος</span> <span class='ocrx_word' id='word_1_135' title='bbox 762 2315 845 2421; x_wconf 75' lang='grc' dir='ltr'>ὅμρα</span> <span class='ocrx_word' id='word_1_136' title='bbox 866 2314 1000 2398; x_wconf 83' lang='grc' dir='ltr'>κορέσση</span> 
     </span>
     <span class='ocr_line' id='line_1_23' title="bbox 245 2397 1019 2504; baseline -0.001 -43"><span class='ocrx_word' id='word_1_137' title='bbox 245 2397 330 2466; x_wconf 78' lang='grc' dir='ltr'>υἱέας</span> <span class='ocrx_word' id='word_1_138' title='bbox 354 2399 517 2504; x_wconf 77' lang='grc' dir='ltr'>ἁρμαλιῆς,</span> <span class='ocrx_word' id='word_1_139' title='bbox 541 2399 591 2460; x_wconf 83' lang='grc' dir='ltr'>καὶ</span> <span class='ocrx_word' id='word_1_140' title='bbox 615 2398 753 2482; x_wconf 86' lang='grc' dir='ltr'>δμωιδας</span> <span class='ocrx_word' id='word_1_141' title='bbox 776 2401 863 2463; x_wconf 89' lang='grc' dir='ltr'>ενδον</span> <span class='ocrx_word' id='word_1_142' title='bbox 887 2399 1019 2503; x_wconf 83' lang='grc' dir='ltr'>ἐρίθοος.</span> 
     </span>
    </p>
   </div>
   <div class='ocr_carea' id='block_1_4' title="bbox 147 2482 999 2588">
    <p class='ocr_par' dir='ltr' id='par_1_8' title="bbox 147 2482 999 2588">
     <span class='ocr_line' id='line_1_24' title="bbox 147 2482 999 2588; baseline -0.001 -42"><span class='ocrx_word' id='word_1_143' title='bbox 147 2512 150 2515; x_wconf 95' lang='grc'><strong><em>·</em></strong></span> <span class='ocrx_word' id='word_1_144' title='bbox 243 2484 294 2546; x_wconf 86' lang='grc' dir='ltr'>καὶ</span> <span class='ocrx_word' id='word_1_145' title='bbox 314 2484 380 2545; x_wconf 90' lang='grc' dir='ltr'>τινά</span> <span class='ocrx_word' id='word_1_146' title='bbox 401 2507 461 2588; x_wconf 79' lang='grc' dir='ltr'>πομ</span> <span class='ocrx_word' id='word_1_147' title='bbox 481 2488 665 2565; x_wconf 76' lang='grc' dir='ltr'>ποκινησιπ</span> <span class='ocrx_word' id='word_1_148' title='bbox 644 2484 884 2567; x_wconf 80' lang='grc' dir='ltr'>προμηθείαις</span> <span class='ocrx_word' id='word_1_149' title='bbox 873 2482 999 2567; x_wconf 83' lang='grc' dir='ltr'>ορόιοσα</span> 
     </span>
    </p>
   </div>
   <div class='ocr_carea' id='block_1_5' title="bbox 205 2566 1096 3599">
    <p class='ocr_par' dir='ltr' id='par_1_9' title="bbox 205 2566 1084 3581">
     <span class='ocr_line' id='line_1_25' title="bbox 235 2566 1083 2734; baseline -0.001 -20"><span class='ocrx_word' id='word_1_150' title='bbox 235 2567 340 2714; x_wconf 67' lang='lat'>6⁹3?</span> <span class='ocrx_word' id='word_1_151' title='bbox 356 2566 733 2734; x_wconf 57' lang='lat' dir='ltr'>366⁶⁹²0⁰666f⁰⁶6666</span> <span class='ocrx_word' id='word_1_152' title='bbox 749 2568 998 2715; x_wconf 53' lang='lat' dir='ltr'>&amp;iiiiii</span> <span class='ocrx_word' id='word_1_153' title='bbox 1037 2673 1083 2714; x_wconf 67' lang='grc' dir='ltr'>ο..</span> 
     </span>
     <span class='ocr_line' id='line_1_26' title="bbox 242 2674 1035 2839; baseline -0.001 -41"><span class='ocrx_word' id='word_1_154' title='bbox 242 2734 428 2798; x_wconf 81' lang='grc' dir='ltr'>θειλόπεδον</span> <span class='ocrx_word' id='word_1_155' title='bbox 446 2674 602 2819; x_wconf 69' lang='grc' dir='ltr'>ρἐβιθηλὲς</span> <span class='ocrx_word' id='word_1_156' title='bbox 618 2676 682 2806; x_wconf 67' lang='grc' dir='ltr'>ἑφοῖς</span> <span class='ocrx_word' id='word_1_157' title='bbox 704 2735 862 2839; x_wconf 77' lang='grc' dir='ltr'>νομέροσα</span> <span class='ocrx_word' id='word_1_158' title='bbox 885 2675 1035 2799; x_wconf 61' lang='grc' dir='ltr'>πόνοισιριθ</span> 
     </span>
     <span class='ocr_line' id='line_1_27' title="bbox 244 2820 1042 2925; baseline 0.001 -43"><span class='ocrx_word' id='word_1_159' title='bbox 244 2820 279 2883; x_wconf 88' lang='grc' dir='ltr'>ἀν</span> <span class='ocrx_word' id='word_1_160' title='bbox 306 2820 340 2883; x_wconf 87' lang='grc' dir='ltr'>δὲ</span> <span class='ocrx_word' id='word_1_161' title='bbox 365 2820 419 2925; x_wconf 81' lang='grc' dir='ltr'>μὲν</span> <span class='ocrx_word' id='word_1_162' title='bbox 445 2820 575 2904; x_wconf 83' lang='grc' dir='ltr'>δτραλέη</span> <span class='ocrx_word' id='word_1_163' title='bbox 602 2821 740 2891; x_wconf 72' lang='grc' dir='ltr'>ἐζώσατο</span> <span class='ocrx_word' id='word_1_164' title='bbox 765 2820 909 2884; x_wconf 79' lang='grc' dir='ltr'>εὔστολον</span> <span class='ocrx_word' id='word_1_165' title='bbox 935 2820 1042 2906; x_wconf 78' lang='grc' dir='ltr'>ὀσφύν.</span> 
     </span>
     <span class='ocr_line' id='line_1_28' title="bbox 244 2902 1061 3012; baseline 0 -45"><span class='ocrx_word' id='word_1_166' title='bbox 244 2905 280 2967; x_wconf 89' lang='grc' dir='ltr'>ἀν</span> <span class='ocrx_word' id='word_1_167' title='bbox 305 2905 340 2967; x_wconf 84' lang='grc' dir='ltr'>δὲ</span> <span class='ocrx_word' id='word_1_168' title='bbox 338 2902 449 3012; x_wconf 81' lang='grc' dir='ltr'>πόνῳ</span> <span class='ocrx_word' id='word_1_169' title='bbox 472 2906 601 2989; x_wconf 86' lang='grc' dir='ltr'>κάρτυνε</span> <span class='ocrx_word' id='word_1_170' title='bbox 626 2906 775 2990; x_wconf 83' lang='grc' dir='ltr'>βραχιονα</span> <span class='ocrx_word' id='word_1_171' title='bbox 798 2928 837 2968; x_wconf 81' lang='grc' dir='ltr'>κα</span> <span class='ocrx_word' id='word_1_172' title='bbox 839 2904 1061 2989; x_wconf 80' lang='grc' dir='ltr'>ρτερόμοχθον,</span> 
     </span>
     <span class='ocr_line' id='line_1_29' title="bbox 244 2988 1059 3121; baseline 0 -70"><span class='ocrx_word' id='word_1_173' title='bbox 244 2988 353 3052; x_wconf 80' lang='grc' dir='ltr'>οὐδ’</span> <span class='ocrx_word' id='word_1_174' title='bbox 335 3011 373 3095; x_wconf 95' lang='grc' dir='ltr'>ης</span> <span class='ocrx_word' id='word_1_175' title='bbox 396 2989 572 3121; x_wconf 82' lang='grc' dir='ltr'>ἐμπορίης</span> <span class='ocrx_word' id='word_1_176' title='bbox 567 2991 703 3073; x_wconf 79' lang='grc' dir='ltr'>χρηστὴν</span> <span class='ocrx_word' id='word_1_177' title='bbox 729 2988 819 3052; x_wconf 84' lang='grc' dir='ltr'>ἐπι</span> <span class='ocrx_word' id='word_1_178' title='bbox 781 3012 885 3074; x_wconf 81' lang='grc' dir='ltr'>ιεμρ</span> <span class='ocrx_word' id='word_1_179' title='bbox 886 3013 936 3053; x_wconf 88' lang='grc' dir='ltr'>ται</span> <span class='ocrx_word' id='word_1_180' title='bbox 959 2991 1059 3053; x_wconf 81' lang='grc' dir='ltr'>αἶσαν.</span> 
     </span>
     <span class='ocr_line' id='line_1_30' title="bbox 244 3073 1096 3159; baseline -0.001 -20"><span class='ocrx_word' id='word_1_181' title='bbox 244 3073 454 3158; x_wconf 74' lang='grc' dir='ltr'>ἀμφοτέρῃσιν</span> <span class='ocrx_word' id='word_1_182' title='bbox 477 3082 598 3158; x_wconf 74' lang='grc' dir='ltr'>εμαρβε</span> <span class='ocrx_word' id='word_1_183' title='bbox 583 3097 614 3135; x_wconf 91' lang='grc' dir='ltr'>ν</span> <span class='ocrx_word' id='word_1_184' title='bbox 639 3075 851 3156; x_wconf 89' lang='grc' dir='ltr'>ατρακτιδα</span> <span class='ocrx_word' id='word_1_185' title='bbox 827 3098 842 3136; x_wconf 93' lang='grc' dir='ltr'>τ</span> <span class='ocrx_word' id='word_1_186' title='bbox 871 3076 1028 3159; x_wconf 77' lang='grc' dir='ltr'>ἠλακάτην</span> <span class='ocrx_word' id='word_1_187' title='bbox 1051 3099 1096 3154; x_wconf 87' lang='grc' dir='ltr'>τε,</span> 
     </span>
     <span class='ocr_line' id='line_1_31' title="bbox 205 3157 976 3264; baseline 0 -44"><span class='ocrx_word' id='word_1_188' title='bbox 205 3158 207 3165; x_wconf 84' lang='grc'><strong>’</strong></span> <span class='ocrx_word' id='word_1_189' title='bbox 242 3159 399 3264; x_wconf 88' lang='grc' dir='ltr'>ηλακάτην</span> <span class='ocrx_word' id='word_1_190' title='bbox 422 3161 507 3243; x_wconf 88' lang='grc' dir='ltr'>λαιη,</span> <span class='ocrx_word' id='word_1_191' title='bbox 529 3161 580 3221; x_wconf 79' lang='grc' dir='ltr'>καὶ</span> <span class='ocrx_word' id='word_1_192' title='bbox 602 3157 766 3241; x_wconf 80' lang='grc' dir='ltr'>ἀτρακτίδα</span> <span class='ocrx_word' id='word_1_193' title='bbox 791 3160 825 3221; x_wconf 91' lang='grc' dir='ltr'>δε</span> <span class='ocrx_word' id='word_1_194' title='bbox 812 3159 976 3243; x_wconf 83' lang='grc' dir='ltr'>·Ειτερηφι.</span> 
     </span>
     <span class='ocr_line' id='line_1_32' title="bbox 244 3242 1079 3349; baseline 0 -44"><span class='ocrx_word' id='word_1_195' title='bbox 244 3242 413 3325; x_wconf 80' lang='grc' dir='ltr'>λιμαλέοις,</span> <span class='ocrx_word' id='word_1_196' title='bbox 435 3265 591 3349; x_wconf 84' lang='grc' dir='ltr'>πενιχροις</span> <span class='ocrx_word' id='word_1_197' title='bbox 611 3265 644 3304; x_wconf 93' lang='grc' dir='ltr'>τ</span> <span class='ocrx_word' id='word_1_198' title='bbox 668 3243 812 3328; x_wconf 81' lang='grc' dir='ltr'>ὑπείρεχε</span> <span class='ocrx_word' id='word_1_199' title='bbox 833 3249 924 3348; x_wconf 85' lang='grc' dir='ltr'>χεῖρα</span> <span class='ocrx_word' id='word_1_200' title='bbox 950 3243 1079 3328; x_wconf 85' lang='grc' dir='ltr'>βοηθδν,</span> 
     </span>
     <span class='ocr_line' id='line_1_33' title="bbox 244 3326 1017 3432; baseline 0 -42"><span class='ocrx_word' id='word_1_201' title='bbox 244 3327 404 3432; x_wconf 83' lang='grc' dir='ltr'>λιμαλέοις</span> <span class='ocrx_word' id='word_1_202' title='bbox 428 3327 605 3411; x_wconf 83' lang='grc' dir='ltr'>θρέπτειρα,</span> <span class='ocrx_word' id='word_1_203' title='bbox 627 3334 784 3411; x_wconf 82' lang='grc' dir='ltr'>πενιχροῖς</span> <span class='ocrx_word' id='word_1_204' title='bbox 806 3326 1017 3412; x_wconf 84' lang='grc' dir='ltr'>ὀλβοδότειρα.</span> 
     </span>
     <span class='ocr_line' id='line_1_34' title="bbox 242 3411 1019 3517; baseline 0 -43"><span class='ocrx_word' id='word_1_205' title='bbox 242 3413 342 3475; x_wconf 91' lang='grc' dir='ltr'>πάντα</span> <span class='ocrx_word' id='word_1_206' title='bbox 364 3413 393 3474; x_wconf 82' lang='grc' dir='ltr'>οἱ</span> <span class='ocrx_word' id='word_1_207' title='bbox 416 3411 452 3472; x_wconf 81' lang='grc' dir='ltr'>ἐν</span> <span class='ocrx_word' id='word_1_208' title='bbox 472 3412 617 3495; x_wconf 81' lang='grc' dir='ltr'>μεγάροις</span> <span class='ocrx_word' id='word_1_209' title='bbox 638 3411 792 3480; x_wconf 77' lang='grc' dir='ltr'>εὐτάκτοις</span> <span class='ocrx_word' id='word_1_210' title='bbox 793 3435 944 3517; x_wconf 87' lang='grc' dir='ltr'>νηπιατ</span> <span class='ocrx_word' id='word_1_211' title='bbox 928 3411 1019 3475; x_wconf 80' lang='grc' dir='ltr'>τέκνα</span> 
     </span>
     <span class='ocr_line' id='line_1_35' title="bbox 245 3495 984 3599; baseline 0 -40"><span class='ocrx_word' id='word_1_212' title='bbox 245 3495 300 3559; x_wconf 81' lang='grc' dir='ltr'>οὔτ</span> <span class='ocrx_word' id='word_1_213' title='bbox 306 3495 441 3559; x_wconf 80' lang='grc' dir='ltr'>’ὄθεται</span> <span class='ocrx_word' id='word_1_214' title='bbox 464 3495 579 3599; x_wconf 83' lang='grc' dir='ltr'>βορέαο</span> <span class='ocrx_word' id='word_1_215' title='bbox 606 3495 702 3557; x_wconf 89' lang='grc' dir='ltr'>δοσα’</span> <span class='ocrx_word' id='word_1_216' title='bbox 687 3518 748 3571; x_wconf 91' lang='grc' dir='ltr'>εος</span> <span class='ocrx_word' id='word_1_217' title='bbox 772 3495 842 3558; x_wconf 84' lang='grc' dir='ltr'>οὔτε</span> <span class='ocrx_word' id='word_1_218' title='bbox 865 3495 984 3581; x_wconf 83' lang='grc' dir='ltr'>άτύχθη</span> 
     </span>
    </p>
   </div>
   <div class='ocr_carea' id='block_1_6' title="bbox 244 3579 1062 3665">
    <p class='ocr_par' dir='ltr' id='par_1_10' title="bbox 244 3579 1062 3665">
     <span class='ocr_line' id='line_1_36' title="bbox 244 3579 1062 3665; baseline 0 -23"><span class='ocrx_word' id='word_1_219' title='bbox 244 3579 444 3665; x_wconf 86' lang='grc' dir='ltr'>ψυχροβόλοο</span> <span class='ocrx_word' id='word_1_220' title='bbox 468 3580 626 3663; x_wconf 84' lang='grc' dir='ltr'>νιφάδος</span> <span class='ocrx_word' id='word_1_221' title='bbox 616 3602 704 3665; x_wconf 89' lang='grc' dir='ltr'>ριπης</span> <span class='ocrx_word' id='word_1_222' title='bbox 727 3579 943 3664; x_wconf 82' lang='grc' dir='ltr'>δυσπέμφελον</span> <span class='ocrx_word' id='word_1_223' title='bbox 966 3580 1062 3665; x_wconf 77' lang='grc' dir='ltr'>ἦμαρ.</span> 
     </span>
    </p>
   </div>
   <div class='ocr_carea' id='block_1_7' title="bbox 0 0 1270 4216">
    <p class='ocr_par' dir='ltr' id='par_1_11' title="bbox 0 0 1270 4216">
     <span class='ocr_line' id='line_1_37' title="bbox 0 0 1270 4216; baseline 0 0"><span class='ocrx_word' id='word_1_224' title='bbox 0 0 1270 4216; x_wconf 95' lang='lat' dir='ltr'> </span> 
     </span>
    </p>
   </div>
  </div>
 </body>
</html>
