2502 4218
645 343 795 438 Α

306 511 479 573 Restabant
495 514 576 573 euris
598 515 733 589 praemis
755 513 856 571 &nde
868 511 948 568 tuis:

266 595 327 659 Sed
349 598 430 657 Mors
455 597 577 657 invidit:
599 600 707 673 nequi
728 597 913 675 pubentibus
935 597 1024 659 annis
1087 618 1089 627 ¹

307 682 465 757 Aequusti,
484 702 596 759 posses
616 684 815 760 praeteriisse
836 681 929 739 viros.
954 724 958 731 .

310 851 358 910 ld.
399 853 439 922 In
457 855 564 911 obitum
590 852 624 912 V.
650 851 680 910 0.
703 852 857 910 Franeuot
878 853 959 909 Iunii
978 852 1128 927 Bitmipit

264 936 344 1009 Iuni,
368 954 456 1009 quem
478 938 573 997 modo
592 937 700 996 litteris
720 944 876 1013 potentem

263 1020 354 1080 Pleni
374 1019 536 1099 Gymnesii
555 1023 712 1096 frequente
733 1029 822 1080 coetu

266 1104 416 1184 Cingebet
436 1107 546 1167 docilis
570 1126 682 1167 corono
703 1107 792 1181 pubis

264 1191 367 1250 Docto
389 1193 725 1268 penduludisserentis
750 1210 819 1250 ore:
836 1226 844 1243 ι

266 1280 307 1335 At
326 1294 416 1350 nunc,
439 1298 457 1337 o
480 1278 576 1337 series
596 1277 701 1351 inique
721 1295 834 1349 rerum,

266 1360 380 1419 Tactus
403 1362 504 1420 sidere
525 1361 698 1438 pestilentis
721 1380 814 1419 surae

266 1443 323 1505 Sol
344 1446 530 1521 pellentibus
553 1446 665 1505 occidis
684 1446 837 1504 tenebrisl

266 1529 313 1587 Te
335 1548 477 1591 moerens
500 1531 604 1590 sobole
623 1531 675 1589 flet
700 1549 788 1589 suum
805 1530 993 1606 magistrum,

268 1615 353 1675 Orba
370 1616 513 1681 Ecclesia
533 1624 564 1674 te
588 1635 675 1674 suum
697 1623 865 1693 parentem,

265 1699 433 1763 Ductorem
459 1702 553 1780 gemit
574 1701 657 1761 orbis
677 1703 847 1760 universus.

265 1785 367 1859 Flent,
388 1788 477 1858 flent3
498 1806 557 1846 non
580 1787 624 1844 uti
646 1786 754 1864 vulgus
776 1784 946 1860 imperitus,

268 1870 366 1946 Quem
386 1874 511 1931 morbus
535 1872 624 1929 docet
643 1872 724 1948 ipse,
746 1871 819 1946 quid
837 1869 940 1928 velere
959 1874 1018 1938 est,

267 1953 380 2027 Quanti
403 1966 450 2016 est
471 1956 565 2028 filins,
588 1957 717 2015 orbitate
738 1956 838 2027 discit,
927 2002 932 2007 .
1016 1996 1019 2003 Δ

267 2038 327 2112 Qui
347 2059 405 2100 nee
426 2041 557 2115 denique
579 2041 651 2115 quid
671 2042 782 2117 potitus
805 2040 879 2099 olim
903 2046 961 2110 est,

268 2122 330 2185 Sed
352 2126 425 2203 quid
446 2126 621 2203 perdiderit,
643 2127 723 2185 solet
740 2133 857 2202 putere.

267 2210 303 2268 In
324 2219 354 2270 te
373 2212 465 2288 longe
485 2211 614 2270 aliaest
634 2211 825 2270 vicissitudo:

266 2294 335 2355 Nec
357 2305 488 2374 quantus
510 2297 616 2368 fueris,
639 2296 771 2354 carendo
795 2295 896 2367 discit,

268 2380 329 2456 Qui
349 2382 410 2440 vivi
435 2382 573 2439 meritum
595 2381 769 2438 aestimavit
789 2380 870 2437 olim.

266 2466 307 2524 Et
329 2485 408 2524 nunc
430 2467 559 2525 conscie
570 2465 710 2542 publicae
731 2465 872 2540 querelae
968 2500 973 2513 ‚

217 2600 220 2605 ,
267 2550 432 2627 Postquam
457 2551 557 2610 tristis
580 2559 609 2608 te
634 2551 731 2608 tulere
752 2552 827 2624 fotu,

267 2636 307 2693 Et
328 2636 442 2695 clerum
461 2637 720 2697 iuber'ubstulere
743 2636 868 2707 mundo,
1085 2672 1089 2679 ι

267 2718 338 2781 Nos
359 2722 432 2796 quid
450 2721 649 2797 perdidimus,
671 2721 743 2796 quid
766 2730 796 2779 et
814 2719 973 2778 dolendum
989 2727 1055 2790 est,
1157 2760 1162 2769 .

266 2804 339 2864 Non
364 2806 476 2866 scimus
499 2806 608 2883 magis,
629 2815 660 2865 st
679 2808 778 2883 magis
797 2805 960 2863 deleme·
1031 2826 1034 2831 ·

352 2901 507 3020 IaugrkBst.
520 2901 629 3020 35¹³)sz
640 2902 712 2952 horis
723 2910 784 2967 post
796 2900 908 2951 medium
923 2905 1025 2948 noctem
1036 2898 1065 2946 ln
1079 2892 1178 2948 renuo.

446 2985 499 3019 nno
570 2984 594 3019 ·.

299 3125 348 3182 15.
392 3126 556 3203 Epicadion
577 3126 726 3183 Adcodcti
748 3123 843 3183 Sabae
855 3121 1017 3199 [Theodori
1029 3118 1154 3195 Beroe]-

266 3210 378 3287 Magne
402 3229 508 3285 senex,
532 3211 598 3269 miti
620 3228 709 3286 quern
729 3209 835 3267 funere
859 3226 956 3284 nuper
976 3205 1131 3279 adeuntem

309 3295 506 3373 Allobrogum
529 3295 614 3355 molli
636 3294 751 3371 cespite
774 3294 856 3371 velat
876 3294 997 3364 humus,

268 3379 415 3456 Quemvis
436 3389 560 3441 aeterna
581 3378 658 3437 eseli
678 3380 803 3459 regione
824 3386 979 3453 receptum

310 3465 356 3523 Te
376 3474 502 3539 seposta
523 3465 584 3540 piis
606 3464 746 3524 menibus
771 3463 842 3522 aule
862 3470 956 3534 tenet,
978 3530 982 3535 ,

266 3550 393 3625 Iamque
411 3568 444 3611 es
467 3549 594 3611 decurso
616 3551 716 3625 spatio
737 3549 856 3611 deletus
875 3549 906 3606 in
928 3548 1042 3625 ipsum,
