2502 4218
475 351 625 450 —Q

95 516 281 603 Δημοβόροι.
309 517 382 584 Διὸς
405 515 587 602 ἐγκέφαλος.
619 515 720 581 Πλέον
743 517 837 601 ἥμισυ
859 516 984 588 παντός.

96 600 245 669 Διοπετές.
270 597 316 665 Τὸ
339 600 396 685 γὰρ
419 597 453 663 τό
476 601 544 685 μέτ’
565 602 580 665 ἐ
606 606 653 665 οῦ.
680 600 967 686 Περιαυτολογ”σαι’

94 687 142 755 Δὶς
159 687 212 749 καὶ
233 687 301 770 τρὶς
321 688 355 748 τὸ
379 687 485 749 καλὸν.
500 628 633 773 Ῥεχθὲν
658 685 693 748 δέ
713 708 746 750 τε
770 687 877 769 νήπιος
890 626 987 768 ίγνω.

95 771 142 838 Δὶς
161 772 289 918 κράμήη
317 769 461 838 θάνατος.
484 768 587 834 Κόκκυ
611 771 714 855 ψωλοὶ
733 770 887 834 πεδίονδε.

59 867 66 882 ’
94 856 223 920 Διπλοῦν
264 852 380 918 ’άππα
404 851 448 918 Tb
469 851 639 918 Βυιώτειον
661 853 700 937 μό
744 877 778 924 ος
801 855 909 918 ἀείδει.

95 937 287 1024 Δουλότερος
310 944 363 1022 τῆς
380 936 554 1023 Μεσσήνης.
577 877 765 1003 Εόνασαῖέν
790 937 888 1023 όλμῳ.

96 1022 227 1105 Δυόρεος
245 1024 349 1092 ἵππος.
369 1023 455 1087 ’Ἀνω
478 1030 636 1108 ποταμῶν.
659 1020 718 1087 Τὸν
740 1021 857 1086 ἔνοικον
879 1021 1004 1107 ἔπηλυς.

95 1107 247 1191 Δωδώνης
287 1111 420 1171 αλκεῖον.
443 1106 520 1174 Ἀπ>
542 1108 653 1176 οὔατος
674 1106 802 1190 ἄγγελος
822 1104 921 1170 ἔλθοι.

96 1193 219 1255 Δώσων.
273 1192 466 1277 λουθυγίεια.
488 1189 530 1256 Τὸ
551 1191 749 1277 κωλακρέτου
769 1192 851 1274 γάλα
870 1192 976 1255 πίνειν.

95 1272 131 1339 EI
150 1274 343 1359 Φρυνώνδας
366 1276 470 1344 άλλος.
487 1274 674 1360 Ὑπηνέμιον
697 1275 799 1339 τέτοκ>
825 1274 897 1340 ώόν.

95 1355 178 1424 Εἷδεν
200 1366 262 1444 πῦρ
286 1361 383 1445 άφόη.
428 1360 612 1424 Σπεόδοοσα
635 1362 716 1424 κόων
740 1360 842 1445 τυφλὰ
863 1360 963 1424 τίκτει.

96 1440 244 1528 Εἰδεχθὴς
266 1443 439 1529 Κορυθεὺς.
461 1443 604 1527 Πόλεμος
623 1446 657 1509 δὲ
680 1443 803 1508 Κόνωνι
829 1446 967 1529 μελήσει.

96 1523 168 1610 Εἰκή
188 1537 233 1613 τῷ
245 1528 409 1612 Ἡρακλεῖ.
426 1530 569 1612 Ἀεργοῖς
591 1531 656 1592 αἰὲν
679 1530 712 1592 ἑο
734 1531 782 1612 τή.

97 1607 202 1692 Είματ)
225 1615 318 1699 ἀνήρ.
349 1611 415 1678 Οὐκ
434 1615 466 1678 ἐν
489 1613 591 1695 πολέμ
644 1614 689 1681 δὶς
711 1552 823 1677 ἔνεστιν
846 1614 1003 1699 ἁμαρτεῖν.

97 1691 161 1776 Εἰμὶ
181 1697 271 1767 πόλις
294 1697 419 1782 Πιτάνη.
442 1700 581 1781 Δελφῖνα
594 1640 729 1760 θίδασκε
749 1701 850 1780 κυλυμ
872 1704 919 1781 ᾷν.

98 1774 145 1846 Εἰς
165 1780 234 1845 δέον
259 1784 419 1867 ἀνήλωσα.
444 1782 546 1886 Θόραν
572 1781 622 1843 ἐπὶ
646 1782 757 1844 σαυτὸν
780 1782 850 1844 άνυί
866 1804 918 1850 εις.

98 1858 145 1930 Εἰς
161 1867 267 1929 πεδίον
292 1868 342 1931 τὸν
364 1867 476 1931 Λυδὸν.
505 1864 734 1951 Αχρειόγελως.
764 1864 787 1928 Γ
789 1865 981 1950 λυκόπικρος.

97 1941 145 2014 Εἰς
160 1951 212 2032 τὴν
232 1950 362 2034 γαστέρ’
386 1951 582 2016 ἐνάλλεσθαι.
609 1949 715 2033 Στόμα
738 1951 1003 2035 δωδεκάκρουνον.

97 2025 145 2099 Εἰς
167 2036 283 2115 φάτνας
304 2037 445 2121 ἀρχαίας.
460 2035 607 2120 Ἀρτεμις
626 2055 646 2117 η
671 2033 814 2117 Παναγαί
834 2082 842 2098 .

95 2111 145 2177 Ἐκ
162 2121 305 2203 καλάμης
323 2126 446 2203 γνῶναι.
467 2119 530 2187 Καὶ
552 2120 694 2206 βαίτυλον
718 2118 754 2182 ἂν
776 2120 962 2188 καταπίνυις.

96 2195 144 2262 Ἐκ
164 2204 253 2283 μυίας
275 2204 442 2289 ἐλέφαντα.
463 2203 559 2290 Μάχη
584 2204 660 2286 μετὰ
682 2204 734 2287 τὴν
758 2202 965 2288 Μαραθῶνος.

96 2278 271 2369 Ἐμβάλλειν
296 2291 417 2373 ψαλίον.
438 2286 485 2374 Τῇ
504 2290 596 2373 πείρᾳ
614 2288 713 2351 πάντα
735 2290 878 2350 τελεῖται.

96 2363 243 2456 Ἐμβαρος
267 2374 340 2456 εἰμί.
362 2371 440 2436 Βίου
464 2372 619 2456 σπιθαμὴν
640 2373 716 2455 πρδς
738 2371 853 2454 ἄνηθον
879 2372 1003 2435 ἀείδων.

98 2447 282 2538 Ἐμπροσθεν
304 2462 443 2541 κρήμνοι,
466 2457 571 2521 ὄπιθεν
598 2455 695 2518 λόκοι.
719 2451 837 2538 Ὅλμυς
859 2455 1003 2536 άτολμυς.

98 2530 143 2598 Ἐν
163 2545 309 2627 μακάρων
332 2543 435 2625 νήσοις
449 2543 583 2624 διάγων.
606 2539 767 2622 Αῦξάνομ’
792 2539 925 2602 άκοόων.

99 2615 143 2682 Ἐν
163 2624 259 2705 μέλιτι
287 2629 398 2690 σαυτὸν
421 2626 632 2697 καταπάττεις.
655 2622 757 2708 Γραῦς
779 2623 911 2708 άναθυᾷ.

98 2698 144 2765 Ἐν
166 2711 327 2796 πορθμείῳ
350 2709 431 2797 ἔχων
455 2712 558 2795 ἕτερον
578 2708 671 2771 πόδα.
701 2706 960 2793 Τυμβογέροντες.

99 2781 144 2850 Ἐν
168 2797 279 2881 σταδίῳ
301 2796 426 2880 δολιχὸν
445 2799 553 2879 ζητεῖς.
577 2791 735 2877 Αίλουρυν
755 2793 888 2877 Ἀθηνᾷ.

98 2866 144 2932 Ἐν
161 2879 273 2966 τριόδῳ
296 2879 418 2962 ἕστηκα.
440 2878 554 2943 Βαλὼν
580 2877 639 2940 υίει
661 2877 839 2962 φεύξεσθαι.

64 2958 67 2964 ’
100 2950 281 3045 Ἐνδόσιμον.
303 2962 427 3047 Θνητών
449 2966 478 3027 δ’
503 2963 567 3027 ἔστ’
593 2962 696 3048 ὄλβιος
719 2963 762 3029 εἰς
781 2960 870 3029 τέλος
891 2960 1001 3028 οὐδείς.

99 3033 227 3124 Ἐργίνου
251 3049 368 3112 πολιαὶ.
393 3047 627 3131 Φειδωλότερος
643 3046 851 3128 Πατροκλῆος.

100 3117 222 3199 Ἐυθλὸς
239 3135 292 3197 καὶ
309 3132 404 3202 κακός
427 3134 515 3195 ἐστιν.
539 3130 610 3196 Ἐπὶ
634 3131 725 3214 ξυροῦ
751 3129 869 3191 ἵσταται
892 3128 1002 3210 άκμής.

103 3199 176 3305 Πῦρε
196 3215 269 3286 θεὸς
290 3220 340 3281 τὸν
359 3219 491 3301 άλιτρδν.
509 3216 624 3301 Ἄκρον
642 3214 730 3298 λαβὲ,
742 3213 793 3275 καὶ
804 3211 897 3296 μέσον
915 3212 1001 3280 ἕξεις.

104 3283 191 3376 Εθρευ
211 3302 227 3364 ό
250 3300 301 3365 Πα
321 3301 422 3385 κοίτης
442 3299 565 3384 ὀβολόν.
590 3297 705 3362 Κάκιον
726 3295 832 3383 Βάβυς
855 3296 953 3359 αόλεῖ.

104 3367 278 3465 Εὖροβάται.
301 3325 479 3470 Πέρκωπες.
499 3384 570 3450 Ἀεὶ
590 3383 730 3467 πολέμου
749 3381 824 3444 κενὰ
842 3381 954 3445 πολλά.

104 3449 264 3553 Εθρυκλής.
287 3469 435 3533 Πεινῶντι
456 3472 543 3553 λαγιγῦ
564 3469 615 3532 καὶ
638 3472 716 3531 σῦκα
734 3468 932 3534 πλακοῦντες.

105 3533 263 3634 Εὔρυμνος.
286 3552 458 3639 Μοχθηρδς
478 3554 552 3637 ὑπὲρ
575 3555 626 3617 τὸν
651 3552 822 3712 όπέρβηλρν
846 3549 918 3614 ἐστι’.
