2560 4216
491 350 643 447 ‘ji-1*

388 511 426 578 El
447 516 498 578 καὶ
516 521 568 579 νῦν
590 515 682 597 uolui
707 537 752 579 oa.
927 519 1022 602 (ml)

112 602 258 678 Quamvis
280 621 357 661 cana
379 610 464 662 aetas
484 605 545 662 ium
567 613 599 665 te
620 602 772 681 tepefecit,
797 612 828 664 e't
847 606 880 666 in
899 614 930 666 te

152 688 211 747 Ille
232 685 394 764 Cupidinei
415 707 519 749 mucro
543 690 656 749 furoris
677 689 781 748 hebet:

112 771 271 831 Debueras
292 772 434 832 iuvenum
457 793 545 834 curas
569 775 777 848 miserescere,
801 793 905 836 eorum

112 858 307 935 §Expertus
329 859 413 918 noris
438 877 515 932 oum,
536 857 692 930 Cleobule,
714 858 809 933 faces,

110 940 178 1002 Nec
199 961 291 1019 super
308 936 440 1002 assuetis
460 944 644 1004 stomachari
664 944 767 1017 rebus,
788 946 951 1004 honestum

152 1027 312 1087 Foeminei
336 1027 443 1104 capitis
464 1048 521 1088 nec
540 1029 688 1106 populare
710 1029 812 1089 decus.

111 1113 192 1190 Ergo
211 1119 366 1171 momento
390 1132 470 1171 nunc
491 1114 537 1172 illi
557 1133 664 1174 versus
686 1114 720 1171 in
739 1115 856 1174 hostem
879 1133 924 1188 es,

152 1196 237 1271 Quae
256 1205 287 1255 te
309 1197 382 1257 olim
404 1199 504 1275 potuit
524 1200 620 1276 patris
641 1199 754 1258 habere
774 1200 849 1259 loco.

438 1362 543 1448 Μέχρι
565 1364 654 1431 τίνος.
925 1370 1021 1448 «32)

111 1450 268 1527 Quatenus
290 1451 360 1524 hoc,
385 1453 474 1512 nobis
497 1460 530 1509 ut
549 1451 729 1511 suffuremur
751 1453 875 1528 ocellos,

151 1536 238 1595 Alter
261 1544 290 1594 et
309 1536 435 1603 alterius
457 1537 573 1595 lumina
597 1542 707 1609 servet,
732 1538 809 1597 erit?

81 1640 85 1651 *
110 1620 191 1681 Cura
210 1622 334 1680 fatenda
356 1621 457 1697 palam
477 1631 533 1681 est.
555 1621 590 1683 Si
608 1622 675 1697 quis
689 1631 789 1679 tamen
802 1623 897 1682 hostis
911 1624 1021 1683 amoris

151 1708 214 1765 Aut
233 1706 322 1779 dicto,
345 1714 397 1765 aut
415 1707 501 1765 fecto
520 1708 581 1764 vim
602 1714 691 1783 parat
713 1714 803 1782 atque
823 1707 937 1779 dolum,

110 1791 192 1852 Ense
211 1791 300 1851 malis
321 1791 438 1851 nostris
459 1791 623 1849 medemur.
647 1787 771 1850 Scilicet
792 1810 854 1849 una

153 1874 284 1936 Suavius
308 1886 356 1935 est
376 1876 466 1935 nobis
490 1878 601 1950 vivere,
626 1874 760 1952 itemque
781 1876 868 1939 rnori.

381 2038 424 2105 Ei
441 2063 517 2105 ποτε
539 2042 593 2124 μὲν
615 2042 754 2125 κιθάρης.
924 2049 1020 2127 ((33)

108 2129 231 2189 Plectra
249 2149 371 2206 gerens,
395 2131 527 2188 citharae
545 2130 643 2208 tetigit
666 2130 693 2190 si
711 2131 764 2190 fila
786 2151 917 2192 canorae
927 2157 936 2207 3

150 2215 281 2275 Aemula
302 2215 525 2292 Terpsichores
545 2235 615 2275 orsa
638 2217 719 2274 canit
737 2217 857 2277 fidibus,

110 2298 352 2376 Grandiloquam
374 2301 488 2378 tragico
508 2319 611 2359 vocem
632 2301 659 2359 si
677 2302 789 2376 rumpit
810 2303 908 2374 hiatu3
950 2358 954 2365 ,

149 2385 361 2461 Melpomenes
382 2387 506 2444 bombos
528 2384 669 2460 exprimit
692 2404 745 2444 ore
766 2387 861 2463 gravi.

110 2467 146 2530 Si
168 2479 250 2528 mota
270 2479 318 2529 est
337 2471 455 2529 formae
476 2469 515 2527 lis
539 2469 576 2527 de
599 2471 778 2541 certamine3
805 2473 914 2529 victam

151 2553 286 2632 Cypride
306 2556 355 2613 vel
373 2555 468 2613 iudex
489 2554 599 2612 dixerit
617 2554 685 2629 ipse
706 2554 805 2614 Paris.

109 2637 172 2700 Sed
190 2639 299 2700 melius
323 2648 451 2713 taceam,
473 2658 511 2697 ne
528 2638 666 2698 Bacchus
687 2640 833 2713 inaudiat,
857 2660 891 2699 ac
908 2662 946 2701 ne

151 2722 334 2784 Concubitus
354 2725 466 2783 furient
487 2724 577 2795 hunc,
600 2723 745 2799 Ariadna,
764 2726 817 2784 tui.

536 2811 595 2868 uel.-

149 2893 269 2952 Rursus
292 2894 462 2954 Ariadneos
487 2902 612 2972 expetat
630 2894 682 2952 ille
700 2895 816 2955 thoros.

475 3060 644 3146 Φωσφόρε.
924 3067 1018 3145 ζ(34)

107 3146 206 3206 Parce
228 3146 406 3225 Cupidineo,
425 3168 482 3208 nec
504 3158 533 3207 te
556 3150 666 3208 vicinia
686 3152 793 3210 Martis

148 3233 236 3292 Mitis
258 3235 403 3293 dedeceat
424 3244 557 3310 pectora,
579 3254 669 3310 parce
693 3255 787 3295 sacru.

107 3318 207 3393 Atque
218 3326 252 3376 ut
262 3321 343 3397 apud
354 3319 529 3398 Clymenem
544 3321 868 3381 servansPhaethonla
879 3321 1018 3381 decorum

151 3401 267 3463 Cursor
290 3407 328 3464 ab
349 3413 467 3479 exortu,
486 3405 679 3482 Phosphore,
698 3406 798 3466 lentus
822 3425 904 3466 eras:

108 3484 170 3561 Sic,
192 3488 266 3547 mihi
289 3509 366 3565 quae
388 3491 496 3569 cupido
518 3490 570 3548 vix
593 3509 626 3550 se
648 3491 745 3567 offert,
764 3500 850 3551 nocte
873 3494 928 3553 sub
946 3494 1017 3566 ista,

149 3572 192 3634 Ut
213 3575 269 3634 sub
288 3573 471 3650 Cimmeriis,
492 3577 573 3634 lente
595 3595 721 3652 morare,
742 3597 860 3655 precor.
