2586 4214
490 321 640 415 ..ur-

108 488 163 550 sin
184 498 214 549 te
236 489 323 566 virgo
344 489 436 564 cupit:
457 489 506 547 vel
527 508 594 547 eam
614 490 669 547 tibi
690 492 804 549 nubere
825 491 873 549 ius
895 498 952 564 esi,

148 574 210 633 Vel
230 582 436 651 corruptorum
459 582 506 634 est
527 593 628 651 poena
647 575 772 632 ferenda
791 575 857 634 tibi.

106 660 227 735 Nuptus
251 658 415 740 sollicitare
434 659 472 716 ad
497 667 610 735 stupro,
632 660 712 734 quis,
739 661 819 719 unde
840 660 979 737 voluptas

150 744 248 802 Nulla
269 753 326 817 est,
349 745 538 818 quantumvis
562 744 679 822 cogitur
701 745 780 821 ipse,
802 745 928 822 potest?

106 829 218 890 lustin
241 828 397 887 adulteriis
417 829 511 886 multa
531 829 608 901 elea,
631 830 746 888 fructus
767 831 881 888 amoris

149 913 275 974 Nullus.
297 915 333 971 ln
350 914 398 972 bis
421 915 507 990 pueri
530 922 578 973 est
599 914 694 990 turpis
714 915 870 973 habendus
894 933 989 972 amor.

106 1000 296 1077 Volgivegee
313 999 419 1057 viduae
440 1000 557 1075 passim
580 1019 654 1059 suus
677 1008 761 1057 extat
780 1009 913 1071 emat0r3

151 1085 274 1161 Quippe
296 1083 440 1156 animum,
461 1103 562 1143 mores
582 1092 612 1141 et
630 1086 797 1144 meretricis
816 1085 917 1143 habet.

109 1167 230 1228 Castior
250 1168 320 1227 est?
340 1168 395 1226 tibi
416 1168 467 1226 vix
490 1171 686 1227 succumbere
705 1172 815 1245 vixque
838 1177 950 1240 coacte,

117 1292 120 1297 <
150 1255 228 1317 Mox
252 1252 392 1312 stimulos
414 1253 476 1311 odii
496 1253 630 1331 concipit
651 1273 744 1332 segra
767 1255 849 1313 novi.

106 1340 232 1398 Factum
253 1338 331 1396 odit:
352 1338 427 1412 quia·
443 1356 499 1397 nec
521 1339 610 1413 periit
631 1338 728 1415 pudor
749 1340 859 1411 omnis,
881 1339 979 1397 umori

150 1427 248 1501 Aptae
271 1422 415 1482 solvendo
439 1425 585 1498 quaeritat
605 1443 704 1501 usque
724 1428 837 1484 morus.

109 1508 163 1570 Sin
186 1508 282 1585 magis
307 1508 435 1566 ancillae
457 1509 575 1585 cupidis
597 1510 790 1585 amplexibus
813 1510 935 1567 haeres:

150 1592 222 1654 Sive
241 1602 292 1650 tua
313 1601 374 1665 est3
396 1593 527 1651 famulae
545 1612 650 1652 servus
672 1613 705 1653 es
725 1595 794 1670 ipse
812 1603 893 1651 tuae:

109 1676 181 1739 Sive
204 1678 317 1749 alienu3
337 1687 439 1737 notam
460 1679 515 1736 tibi
538 1678 591 1736 lex
613 1687 713 1736 tumen
731 1679 857 1755 irrogat,
879 1678 912 1734 in
932 1684 962 1734 te

148 1763 294 1838 Mancipii
313 1764 392 1820 haud
412 1763 526 1839 proprii
547 1764 669 1822 nominc
691 1764 804 1840 probra
824 1763 917 1822 ciens.

107 1847 166 1907 His
191 1868 224 1907 se
243 1848 401 1924 Diogenes
425 1848 550 1924 pulchre
572 1849 743 1906 extricavit:
765 1849 806 1906 Et
825 1847 872 1904 illi

148 1934 272 2004 Pellex,
293 1934 407 2008 ubsque
427 1932 489 1990 ulle
510 1934 617 2007 Laide,
639 1933 741 2010 palma
764 1933 829 1991 fuit.

407 2096 554 2181 Ὄμματὰ
575 2099 711 2167 δινεύεις.
921 2096 1020 2181 ζ(8ἳ)

107 2185 240 2244 Lumina
262 2187 430 2260 distorques
453 2190 560 2247 tacitus
582 2188 744 2265 prodentia
763 2188 915 2245 flammas:

148 2271 264 2329 Ductus
283 2291 433 2348 purpurea
455 2274 543 2349 vulga
563 2273 674 2331 labella
696 2291 785 2330 rosaz

107 2355 273 2434 Fringultis
296 2358 471 2415 tremulum:
496 2358 596 2415 vibres
617 2357 733 2415 lascive
755 2355 900 2432 capillos:

150 2442 250 2501 Iustus
273 2441 397 2514 effusus,
418 2462 467 2499 me
485 2461 605 2517 quoque
623 2448 712 2514 teste,
738 2458 861 2498 manus:

106 2531 150 2586 At
169 2526 303 2585 nondum
325 2526 379 2583 illa
399 2526 442 2584 tui
464 2526 571 2584 cecidit
592 2526 761 2585 constantie
779 2525 885 2596 fustus.

148 2612 283 2670 Marcus:
304 2610 356 2668 ille
381 2620 483 2669 tamen
504 2610 656 2670 musculus
679 2611 789 2669 horror
811 2609 907 2666 adest.

399 2773 462 2839 Νῦν
487 2777 735 2855 καταγιγνώσκω.
925 2776 1021 2853 ζ(83)

105 2867 228 2937 Mirum,
248 2865 329 2940 quod
352 2884 414 2923 non
433 2872 531 2924 ⁴mutet
552 2865 591 2923 eb
611 2865 689 2921 huno
711 2881 744 2922 se
767 2862 913 2939 Iuppiter.
936 2861 983 2919 illi

148 2950 279 3010 Irascor.
302 2950 386 3008 rudis
410 2958 474 3008 est:
497 2949 539 3007 nil
558 2949 590 3006 in
613 2967 717 3009 umore
739 2947 829 3006 videt.

107 3032 155 3092 De
175 3035 275 3094 formu
296 3055 359 3094 uon
374 3035 530 3111 Europae,
550 3035 696 3092 Danaeve
715 3033 846 3109 puellae,

147 3118 222 3179 Non
247 3119 462 3192 commedat,
487 3120 616 3177 candide
634 3118 729 3197 Leda,
753 3118 817 3176 tibi.

106 3204 149 3263 Ni
171 3205 247 3263 forte
269 3212 327 3278 est,
348 3204 429 3279 quod
452 3213 549 3263 scorta
566 3205 644 3281 fugit
664 3203 810 3280 vulgaria,
832 3202 950 3277 Regum

149 3288 291 3366 Corrupit
310 3299 407 3348 netes.
428 3289 506 3362 Hoc,
528 3289 604 3361 seio,
624 3290 737 3347 crimen
756 3289 856 3346 habet.

341 3482 343 3491 ¹
374 3454 523 3538 Ἀραενας
547 3453 642 3522 ἄλλος
666 3453 745 3539 {pon
925 3453 1021 3530 ζ(84)

108 3538 147 3606 Ο“
160 3545 260 3605 veloet
274 3543 403 3628 puerilis
426 3563 520 3604 amur.
544 3541 763 3620 complexibus
785 3550 854 3602 utor
907 3584 910 3593 r
