2502 4218
457 300 609 433 Q

83 502 245 563 Oobtemtis
268 503 392 580 opibus,
412 508 524 583 spretis
543 507 746 584 popularibus
766 509 859 582 auris,

120 589 336 662 ventosaeque
357 590 452 668 fugax
476 592 660 663 ambitionis,
682 592 766 653 obis:

81 674 217 733 Praemia
239 673 334 750 quina
350 684 456 751 quater
476 676 588 735 Piseae
610 678 732 737 furora
753 678 872 736 olivae:

118 759 159 817 Et
181 759 324 833 linquens
347 761 440 819 animi
462 763 590 839 pignora
609 780 679 820 rara
698 763 756 820 tui:
840 815 842 821 ,

82 841 115 900 In
136 844 245 918 quibas
268 843 349 902 haud
369 845 424 904 tibi
449 865 483 905 se
505 846 674 905 anteferant
694 864 768 921 quos
791 846 869 904 Itala
887 856 973 908 ratas

120 928 218 986 Terra
235 928 331 999 dedit3
356 946 412 988 neo
433 949 511 1005 quoa
534 931 637 991 Gallia
657 939 754 990 mater
776 931 841 1003 alit,

82 1014 259 1088 Aequabunt
278 1013 400 1090 genium
421 1016 520 1076 felioia
542 1017 697 1089 oarminis,
716 1027 747 1074 et
768 1032 846 1092 qaae

121 1097 213 1158 Orbis
234 1098 329 1157 habet
350 1099 450 1158 famae
472 1101 597 1161 oonsoia
617 1102 706 1180 signa
729 1109 808 1160 tuae.

82 1181 218 1258 Namque
240 1183 279 1240 ad
302 1202 476 1261 supremum
498 1186 644 1263 perduota
666 1184 791 1263 poetiaa
808 1186 929 1247 eulmen
970 1192 973 1201 '

121 1268 158 1326 In
177 1276 207 1326 te
226 1275 298 1340 stat,
322 1288 378 1327 nee
399 1289 456 1344 qao
476 1270 685 1348 progrediatur
707 1272 807 1332 habet.

85 1350 206 1430 Imperii
230 1352 331 1411 fuerat
352 1354 485 1413 Romani
506 1354 612 1417 Scotia
629 1357 735 1419 limes:

121 1436 254 1498 Romani
276 1437 389 1513 eloquii
410 1438 518 1501 Saotia
540 1442 609 1500 finis
630 1443 696 1500 erit.

235 1605 283 1664 12.
328 1609 525 1685 Epitaphium
546 1609 710 1669 Abrabam
732 1608 842 1668 Orati.
867 1640 870 1645 ·

84 1690 161 1766 Quid
184 1690 319 1769 dignum,
345 1693 454 1766 Ortsli,
474 1694 548 1768 quid
560 1712 701 1770 magnam
713 1701 993 1770 peotorspromam,

123 1777 189 1852 Quo
212 1777 334 1853 possim
355 1779 451 1841 elueri
469 1779 586 1837 solvero
608 1780 689 1837 iusta
710 1778 782 1837 tuo?
884 1818 888 1825 -

84 1862 241 1921 Exoiturus
258 1880 347 1920 eram
365 1864 476 1923 doetus
497 1865 529 1921 in
547 1864 680 1922 carmine
704 1862 816 1922 Diras:
847 1906 850 1913 ⁴
955 1890 958 1897 ·

123 1945 266 2006 Carmina
288 1956 359 2006 sunt
381 1949 497 2007 meritis
519 1949 665 2011 inferiora
683 1949 753 2008 tais.

84 2030 306 2109 Impendendus
328 2043 394 2092 erat
416 2035 563 2093 Mundus:
587 2034 641 2094 sed
661 2042 783 2111 pectore
799 2032 943 2092 Mundum

123 2115 256 2194 Cepisti:
278 2116 384 2178 laudes
407 2139 470 2178 noa
491 2119 575 2196 oepit
594 2120 647 2178 ille
668 2128 746 2178 tuas.

86 2201 162 2276 Quid
181 2201 312 2260 faoiami
332 2203 441 2263 melius
463 2206 583 2281 saeptis
605 2204 768 2264 desistoret
788 2201 909 2261 abunda

120 2286 288 2359 Laudatur,
309 2290 360 2347 oui
377 2289 444 2350 laus
465 2290 551 2348 nulla
572 2299 620 2349 sat
638 2307 709 2348 essa
730 2295 842 2365 potest.
944 2314 948 2327 r

272 2455 319 2514 13.
363 2460 403 2515 Ia
424 2460 531 2518 obitam
552 2460 641 2519 Elias
663 2456 803 2515 Paucas.

85 2542 159 2619 ldrgo
181 2541 249 2613 tibi,
270 2541 408 2615 Putsohi,
427 2562 540 2621 magna
562 2551 592 2601 et
611 2541 771 2619 praeolara
792 2541 920 2599 minanti

122 2627 260 2686 Inieoere
278 2626 387 2685 avidae
406 2629 510 2687 lurida
528 2629 594 2686 fata
610 2626 741 2685 marus?
837 2662 839 2665 -

86 2710 152 2771 Heu
174 2711 228 2770 ubi
249 2719 320 2770 suat
338 2712 466 2786 fruetus,
489 2733 567 2789 quos
589 2732 637 2771 me
656 2730 783 2789 sperare
802 2711 958 2783 iubebant,

122 2798 172 2857 Ah
194 2797 341 2855 frustrata
358 2810 458 2856 meam
474 2799 600 2857 bredula
618 2805 692 2857 uota
713 2797 826 2855 iidem?

84 2880 138 2942 Ille
161 2880 385 2942 camoenarum
406 2884 494 2943 cultis
518 2902 686 2960 generosus
707 2883 739 2940 in
762 2881 859 2940 hortis

122 2966 287 3027 Flosaulus
308 2986 325 3024 e
347 2976 454 3027 tenera
475 2988 598 3046 surgere
618 2968 721 3026 iussus
742 2967 845 3038 humo,

86 3053 176 3113 Ortus
198 3060 228 3110 et
248 3071 415 3128 oppressus
438 3054 528 3112 simul
544 3063 599 3113 est.
627 3070 688 3109 una
712 3051 831 3124 extulit,
853 3069 914 3109 una

123 3137 270 3208 Abstulit,
291 3144 324 3194 ut
345 3152 470 3214 gramen
492 3137 662 3208 solstitiale,
682 3136 757 3194 dies.
920 3132 922 3136 '

85 3220 193 3282 Gloria
208 3228 342 3283 maturos
364 3225 420 3282 tibi
438 3224 502 3280 lam
522 3222 705 3301 properabat
725 3221 868 3279 honores:
959 3238 964 3247 *

121 3306 260 3386 Ingeniis
284 3310 402 3385 magnis
424 3309 488 3365 iam·
504 3308 683 3367 metuendas
705 3320 784 3364 eras.

85 3392 148 3451 Iam
167 3392 222 3452 tibi
243 3392 374 3453 decurso
398 3392 498 3470 spatio
517 3394 564 3452 vis
585 3391 703 3450 fervida
724 3390 833 3448 mentis
905 3468 907 3472 Α

124 3477 302 3556 Stringebat
324 3486 423 3548 metas
444 3478 589 3538 interiore
612 3487 686 3536 rota.

85 3561 147 3622 Iam
169 3562 369 3643 promittebat
390 3562 510 3625 froilam
531 3563 667 3621 Victoria
687 3560 835 3641 palmam:
