2502 4218
450 345 601 440 ..Q

116 513 182 572 Hoc
205 513 327 585 melius,
348 514 426 588 quod
441 535 508 575 uon
532 515 582 574 his
602 514 740 592 graviora
760 515 854 577 vides.

76 598 170 674 thue
190 598 249 659 Dei
268 598 383 657 famulo
404 619 462 659 uon
475 600 583 676 Hippo
606 600 769 675 superstite
791 608 880 678 capta
902 608 964 675 est‚·

4 718 5 729 κ
116 682 208 757 Quum
232 691 375 758 quateret.
392 684 523 760 Libyoas
546 684 703 743 Vandalus
722 686 819 746 hostis
837 705 927 763 opes,

4 768 6 783 '
75 769 199 828 Indulsit
217 768 273 826 tibi
295 769 340 835 sio
360 770 536 845 praesentio
556 768 711 841 Numinis,
731 770 789 829 istu

4 868 6 899 1
115 852 242 913 Cernere
265 864 306 911 ne
322 872 434 929 posses
458 853 710 913 ulteriore-malo.
767 876 768 883 ¹

4 986 5 999 2
75 941 167 1013 Atque
191 938 307 999 utinam
328 938 443 999 eeleres
464 940 586 1017 rapiaut
606 939 712 1016 proeul
737 940 840 998 omina
859 942 953 1015 venti,

113 1023 161 1087 Et.
171 1023 275 1100 potius
296 1024 425 1085 mendax
450 1025 571 1085 finxerit
588 1024 649 1083 ista
671 1032 779 1084 metus.

4 1132 5 1139 ¹
76 1104 132 1167 seu
155 1116 186 1165 te
205 1107 338 1180 felicem,
359 1110 409 1182 qui
432 1129 499 1169 non*
516 1109 694 1185 speetaeule
713 1128 862 1185 praeseus

114 1193 176 1251 Ista
196 1193 306 1269 gemis,
329 1194 377 1250 vel
399 1213 459 1253 non
482 1194 635 1255 deteriora
656 1195 755 1255 times.

75 1275 137 1336 Nos
157 1277 308 1349 infelices,
328 1285 381 1337 tua
400 1297 478 1353 quos
500 1280 640 1339 absentia
664 1280 743 1338 euris

113 1362 190 1434 Urit,
214 1370 245 1420 et
264 1362 454 1425 immemores
479 1383 536 1422 nou
558 1364 633 1422 sinit
651 1382 721 1425 esse
741 1366 794 1426 tui.

77 1446 102 1507 0
121 1448 237 1522 quoties
258 1447 362 1507 ausimo
383 1449 574 1509 remorandae
599 1450 709 1508 frontis
735 1450 849 1529 imago,
904 1506 912 1523 ,

112 1532 151 1590 Et
169 1532 289 1610 pulchri
312 1534 432 1609 speeies
454 1533 517 1593 oris
532 1536 669 1593 honesta
687 1536 778 1609 subit,

74 1615 111 1675 Et
128 1617 239 1693 placidi
264 1636 377 1690 mores,
401 1626 432 1677 et
451 1618 535 1677 fandi
556 1618 657 1677 lactea
677 1638 766 1692 vena,

112 1703 150 1761 Et
166 1722 230 1760 non
250 1720 366 1762 moroso
388 1703 482 1761 tiuota
503 1703 627 1778 loquela
646 1703 728 1762 salel

75 1786 101 1846 0
120 1787 240 1862 quoties
260 1787 370 1861 plenae
391 1788 596 1846 moderantem
618 1788 706 1846 frena
724 1805 856 1847 coronae

113 1871 279 1947 Obstupuit
298 1872 400 1931 verbis
421 1872 553 1948 pendula
571 1873 660 1933 turba
677 1872 751 1931 tuisl

74 1955 112 2016 Ut
128 1965 159 2015 te
186 1964 349 2034 spectaret,
370 1958 500 2035 patriam
522 1977 582 2016 non
602 1957 739 2032 linquere
761 1956 909 2031 Graecus,

111 2040 253 2102 Sarmata
272 2062 335 2102 non
354 2042 461 2120 longas
484 2042 602 2102 horruit
621 2043 671 2101 ire
689 2043 765 2102 vias.

73 2127 200 2187 Mellivit
220 2134 324 2187 tantos
347 2127 506 2204 speetandi
530 2144 640 2187 caussa
657 2128 797 2188 labores:

110 2212 153 2270 llo
171 2210 292 2272 sebam.
305 2230 426 2272 meroes·
445 2213 519 2271 sola·
535 2213 638 2271 videre
660 2213 727 2271 fuit.

73 2299 110 2355 At
130 2298 202 2372 quia
223 2315 280 2355 nee
297 2298 388 2358 nobis
406 2297 512 2357 doetus
533 2297 692 2356 dudoedine
713 2297 849 2373 liuguae,

110 2381 289 2445 Praesentis
311 2384 379 2441 vivo
402 2401 456 2441 nee
478 2384 568 2441 datur
588 2401 642 2441 ore
665 2382 736 2454 frui,

73 2464 157 2526 Nune
180 2475 322 2544 superest
344 2467 435 2527 uultis
454 2475 572 2526 mentes
595 2463 871 2536 adverterelibris,

110 2553 149 2612 Et
168 2552 369 2627 quodeunque
388 2553 460 2630 vigil
484 2568 555 2610 oure
578 2551 698 2628 paravit
721 2569 808 2626 opus.

72 2636 235 2713 inquibus
258 2645 289 2695 et
306 2637 408 2696 foetus
429 2656 522 2714 supra
540 2644 630 2711 eaput
651 2635 886 2695 extulit-omnes

109 2722 169 2781 Ille
188 2729 305 2780 tuorum
327 2740 451 2798 operum
473 2738 591 2782 summa
612 2729 764 2798 caputque
784 2721 876 2791 liber3

72 2803 135 2881 Quo
152 2807 311 2884 penetrale
329 2806 413 2866 Nori
433 2815 587 2866 reseratur
611 2807 769 2880 hederis,
787 2807 819 2865 in
843 2823 902 2879 quo

111 2892 264 2952 Discussa
285 2891 382 2950 lucem
404 2901 490 2951 noete
513 2892 617 2949 videre
637 2891 732 2950 datur.

72 2973 127 3036 Hic
150 2977 243 3036 nobis
266 2975 348 3037 Seba
367 2987 425 3050 est,
449 2974 560 3038 Sebam
583 2985 756 3054 spectamus
776 2975 808 3032 in
831 2972 896 3031 illo.

111 3062 210 3122 Totus
230 3062 260 3120 iu
283 3062 342 3121 lroo
360 3062 486 3147 sperulo
505 3060 587 3123 Seba
605 3061 758 3120 videndus.
775 3059 872 3117 adest.

71 3143 137 3206 Non
157 3146 219 3206 alia
243 3155 300 3219 est,
320 3165 398 3221 quae
420 3155 450 3205 te
470 3147 705 3224 praesentiaque
726 3164 780 3203 ora
801 3142 938 3213 redueat,

109 3232 298 3310 Usurpandu
315 3232 412 3291 oeulis
436 3232 518 3309 pieta
536 3231 650 3290 tabella
669 3229 756 3289 meIs.

71 3316 192 3394 Iamque
214 3317 292 3375 vale.
312 3317 420 3376 Tetios
445 3316 519 3374 mihi
539 3336 625 3375 mens
649 3325 679 3374 te
701 3316 797 3393 fingat
817 3311 941 3384 adesse,

108 3404 146 3462 In
162 3402 257 3465 ‘libris
280 3401 401 3477 quoties
420 3402 554 3460 haeserit
567 3401 622 3459 illa
642 3402 712 3460 tuis.

220 3497 293 3548 Obiit
313 3493 381 3547 1605
400 3496 468 3547 xm
488 3494 579 3546 Oeteb.
620 3522 624 3527 -
