2560 4216
647 353 797 449 gec-

307 521 498 596 Narcissum,
518 530 549 581 et
566 524 672 600 patulo
694 524 760 583 lilia
774 521 875 582 hiulca
895 524 974 598 sinu,

265 607 476 683 Halantesque
498 626 613 681 crocos,
638 617 668 668 et
691 627 861 686 purpureos
883 609 1075 686 hyacinthos,
1137 634 1143 641 ’

306 693 437 770 Insuper
458 701 489 751 et
508 711 620 751 vernae
639 696 734 753 florea
755 702 838 753 serta
857 712 962 766 resae3

265 778 309 839 Ut
332 779 388 836 tibi
410 778 448 837 ab
471 786 626 856 unguento
649 788 750 857 caput,
773 779 953 852 Heliodora‚
975 779 1121 857 fragranti

307 861 410 939 Spiret
430 863 565 924 odoratis
587 872 660 940 apta
678 883 789 923 corona
811 865 918 925 comis.

666 950 772 1007 Aliter.

263 1032 304 1091 Et
320 1031 453 1108 plectam
475 1033 587 1103 uiolae,
615 1042 646 1092 et
666 1034 784 1110 myrtis·
796 1033 939 1093 suavibus
962 1032 1073 1091 addam

307 1116 499 1191 Narcissum,
521 1119 643 1196 iungam
664 1120 731 1177 lilia
747 1118 850 1176 hiulca
869 1118 968 1176 simul.

264 1201 394 1262 Nectum
419 1210 512 1261 suave
534 1221 666 1277 crocum,
689 1213 791 1265 texam
813 1203 950 1262 vaccinia
970 1204 1048 1262 flore

305 1286 474 1363 Purpureo.
496 1288 629 1365 plectam
649 1291 757 1348 suavia
778 1296 860 1346 texta
881 1290 983 1360 iosus,

264 1370 306 1431 Ut
327 1371 466 1429 madidae
486 1382 640 1449 unguento
653 1375 708 1432 tibi
725 1374 851 1433 floribus
871 1373 1004 1448 undique
1016 1372 1174 1444 inumbret,

306 1455 488 1529 Heliodoru,
510 1466 579 1516 tuas
601 1459 694 1535 plexa
713 1459 825 1518 corolla
847 1477 961 1518 comas.

266 1623 342 1700 (U)
524 1586 718 1705 ¹(Dctnl'nct’
743 1624 774 1685 ἐν
799 1622 917 1704 μύθοις.

264 1709 369 1770 Iudice
392 1729 451 1783 me,
471 1713 585 1789 argutis
606 1713 811 1784 sermonibus,
830 1712 911 1789 ipsa,
932 1711 1051 1788 lepore,

307 1795 387 1853 Vicit
408 1795 457 1854 vel
480 1794 630 1870 Charitas,
652 1798 832 1871 Heliodora,
854 1816 917 1856 suc.

267 1963 341 2040 ((8)
556 1960 704 2046 Ὀξυβόαι
726 1965 884 2029 κώνωπες.

266 2045 430 2124 Sanguinis
454 2048 578 2107 humani
601 2051 752 2122 sitientes,
773 2050 910 2125 improba
929 2050 1022 2123 secla,
1127 2084 1130 2091 ,

306 2137 389 2209 Apta
413 2132 471 2191 alis
492 2135 628 2210 paribus,
652 2134 771 2194 vocifici
793 2134 930 2194 Culices:

264 2217 453 2293 Zenophilae
474 2219 627 2295 placidum
648 2220 740 2278 liceat
761 2220 892 2279 dormire
915 2236 1072 2297 soporem,

308 2300 459 2362 Carnibus
483 2304 600 2363 interea
621 2324 674 2364 vos
696 2305 806 2364 satiate
828 2306 915 2363 meis.

265 2385 326 2448 Sed
339 2388 411 2462 quid
430 2408 487 2466 ego
499 2391 575 2448 haec
588 2390 671 2448 dixi?
683 2390 796 2449 frustra
814 2409 890 2448 sum.
908 2388 1085 2448 Animantia
1101 2394 1181 2447 tetra

307 2472 448 2532 Gaudent
469 2476 502 2532 in
523 2483 661 2534 teneram
683 2476 776 2552 figere
796 2483 898 2534 rostra
918 2482 1025 2533 cutem.

263 2559 322 2630 Ah,
344 2577 438 2635 pecus
462 2560 669 2637 implacidum,
693 2561 810 2637 coeptis
834 2560 982 2619 absistite.
1002 2558 1036 2618 'si
1057 2578 1136 2617 non:

305 2642 471 2721 Zelotypus
493 2646 526 2706 iu
548 2665 604 2705 vos
623 2647 754 2706 instruet
774 2647 821 2703 ira
843 2664 961 2704 manus.

264 2810 340 2887 ((9)
557 2807 670 2892 [Ιταίης
690 2833 743 2892 μοι-
764 2813 890 2893 κώνωψ.

261 2896 288 2969 1,
311 2916 446 2973 propera
468 2898 621 2971 mandata,
643 2897 750 2958 Culex.
773 2898 862 2957 Velle
875 2898 967 2956 'ocius
989 2917 1093 2958 aurem
1166 2938 1168 2941 ·

305 2980 501 3059 Zenophilae,
526 2991 555 3041 et
575 2985 659 3042 tenui
683 2985 758 3042 haec
782 3002 934 3041 murmure
952 2982 1034 3042 dicta
1053 3005 1143 3046 seua:

262 3066 308 3124 Te
330 3068 404 3144 vigil
425 3068 477 3125 ille
495 3077 611 3128 manet:
636 3078 668 3126 tu
685 3068 779 3141 lenta,
803 3076 944 3127 veternus
968 3079 1136 3145 amantum,

303 3151 439 3211 Dormis.
459 3154 528 3226 Eia,
548 3155 624 3212 vola.
645 3172 731 3230 euge,
754 3173 872 3226 canore,
895 3153 971 3212 vola.

262 3235 323 3296 Sed
344 3237 462 3313 placide
483 3238 623 3312 eloquere
640 3240 725 3310 haec,
748 3259 787 3297 ne
801 3239 881 3296 forte
894 3239 940 3297 vir
954 3239 1069 3299 excitus
1081 3240 1115 3299 iu
1129 3258 1176 3299 me

303 3322 383 3379 Iram
406 3322 576 3400 distringat,
600 3323 819 3399 zelotypasque
842 3324 952 3382 minas.

261 3404 346 3479 Quod
367 3407 395 3465 si
412 3407 495 3465 illam
518 3408 661 3482 adduces,
684 3409 815 3484 spolium
836 3408 892 3466 tibi
913 3408 1027 3487 grande
1049 3408 1161 3484 leonis,

302 3489 343 3549 Iit
364 3492 504 3551 manibus
528 3493 647 3552 dabitur
669 3494 759 3553 clava
781 3494 925 3571 gerenda,
939 3492 1046 3553 Culex.
