2604 4210
518 371 668 467 maa„

137 538 290 602 Sacrifrais
313 541 397 600 adsis
417 560 435 598 0
458 558 535 616 para
556 549 657 600 mente
676 542 833 615 ministris,

135 629 285 685 Avertens
306 624 482 702 illegitimae
504 627 682 704 cuppedinis
705 635 818 686 aestus.

135 793 1050 871 HortamurGar-nemumamParcaramaasfimea,aromcta.58

134 882 256 940 Martae
276 879 425 952 infinitae,
448 879 595 957 nigrantis
623 876 715 938 nocti’
736 898 898 958 propagas,

135 964 202 1024 Vos
224 982 365 1041 precoro
389 963 538 1038 celebres,
560 983 638 1041 quae
661 965 872 1024 subcoeleste
894 966 1004 1043 palude

137 1049 207 1126 Qua
226 1067 320 1108 canus
344 1048 444 1123 liquor
461 1049 593 1107 induferi
614 1049 651 1111 da
672 1050 757 1109 fonte
778 1050 890 1109 lavacri

135 1135 264 1194 Labitur
283 1134 399 1191 aeterni
420 1134 543 1211 specuis
565 1135 620 1194 sub
641 1137 758 1209 pumice
781 1154 886 1211 opaco,

136 1218 228 1279 Cives
248 1219 431 1296 pervolgatis
454 1219 577 1276 alumna
598 1220 764 1278 animantia
787 1228 897 1293 terrae,

135 1305 213 1364 Inde
233 1304 291 1362 loci
310 1303 348 1361 ad
369 1311 529 1363 ventosum
548 1304 700 1363 hominum
722 1305 848 1379 seclum,
863 1306 943 1379 leve,
957 1305 1047 1363 hians

134 1385 272 1467 Pergiti',
295 1389 451 1448 carbaseis
472 1391 629 1449 obstantes
651 1390 767 1449 lumina
789 1391 877 1464 velis,
952 1390 1048 1467 [spes,

135 1474 235 1534 Fatali
252 1474 284 1532 in
306 1491 426 1549 campo,
445 1483 479 1532 ut
498 1475 585 1553 bigas
608 1474 686 1533 levis
709 1477 862 1552 aurigatur

136 1558 243 1619 Gloria
263 1558 397 1618 iustitiae
417 1559 456 1617 ad
477 1568 585 1631 metas,
610 1560 737 1636 speique
758 1568 788 1617 et
810 1579 958 1633 curarum,

136 1645 177 1703 Et
195 1643 295 1721 legem
317 1643 410 1715 casei,
429 1646 543 1721 magni,
563 1641 719 1701 laudabili'
739 1645 835 1721 regui.

137 1729 269 1787 Tantum
293 1730 391 1787 Morta
411 1737 459 1788 est
481 1729 555 1788 vitai
576 1729 686 1804 prima,
708 1729 791 1786 haud
813 1729 870 1788 alis
890 1728 970 1787 ullus

135 1814 251 1873 Divum
272 1814 323 1888 qui
341 1813 469 1890 pedibus
491 1814 617 1891 polsant
636 1814 798 1872 coenacula
823 1813 909 1886 coeli,

134 1900 177 1958 Et
187 1899 263 1957 Iovi’
277 1898 421 1957 costumia
435 1908 490 1958 est.
514 1898 623 1956 etenim
636 1917 713 1973 quae
725 1906 833 1956 cuncta
843 1907 966 1956 manent
978 1916 1049 1970 nos,

137 1983 270 2042 Tantum
291 1984 398 2055 Morta,
422 1984 567 2059 Iovisque
589 1984 704 2041 aeterni
725 1984 854 2042 daedala
873 2002 959 2043 mens
983 1982 1048 2042 scit

135 2067 325 2141 Nocturnae,
344 2069 506 2129 mitissima
527 2077 659 2146 pectora,
682 2070 805 2128 numina
822 2070 931 2142 amica,

137 2155 324 2231 Atropeque,
342 2154 521 2227 etLachesi,
537 2162 567 2213 et
580 2153 716 2227 Clotona,
738 2176 756 2213 ο
774 2156 921 2231 patrimae
932 2155 1049 2226 adeste,

130 2239 258 2311 Aerias,
279 2239 408 2313 invisae,
428 2242 563 2313 tetricae,
583 2240 764 2315 irrequietae
782 2241 897 2299 Divae:

137 2324 250 2385 Omnia
268 2324 341 2380 item
362 2327 533 2385 mortalibu’
555 2343 632 2399 quae
652 2325 742 2397 datis,
766 2325 869 2384 omnia
888 2325 984 2382 fertis.

137 2410 264 2479 Omea,
284 2408 410 2482 Martae,
431 2411 531 2468 audite
553 2409 693 2467 lubenter
712 2410 775 2468 liba
797 2426 975 2485 precesque,

135 2492 427 2568 Nubilatergentes
449 2490 634 2552 mordacibu'
658 2501 785 2571 pectora
807 2493 897 2551 curis.

183 2668 355 2728 Gratiarum
375 2684 424 2722 sea
448 2663 635 2722 Venestorum
657 2663 797 2737 suffimen,
819 2671 969 2720 storacem.
1008 2657 1049 2718 59

137 2753 254 2813 Adsitis
276 2751 412 2809 celebres
437 2748 571 2805 illustres
595 2745 730 2819 Gratiae,
750 2747 897 2819 honorae,

136 2837 307 2916 Progenies
333 2835 417 2893 Iovis
440 2833 531 2904 alma,
552 2832 745 2907 Paludaeque
764 2832 897 2909 Egeriai,

137 2924 268 2983 Maieeta
291 2929 321 2980 et
342 2920 445 2992 Flora,
469 2926 499 2976 et
519 2916 633 2989 Vitula,
657 2917 874 2993 augustissima
896 2915 993 2993 virgo,

137 3009 288 3068 Laetitiae
312 3013 435 3078 matres,
456 3003 589 3080 lepidae,
608 3021 713 3079 purae,
737 3001 911 3073 titulantes,

138 3093 317 3165 Voltamae,
339 3110 460 3167 semper
477 3088 601 3159 virides,
624 3083 796 3145 mortalibu’
816 3092 932 3163 gratae,

138 3179 258 3237 Votitae
279 3195 403 3256 pucras,
427 3176 622 3245 Vortumnae,
645 3172 773 3244 ccesia'e,
798 3190 953 3241 amoenae,

137 3265 291 3324 Assiduae
313 3269 434 3323 ventare
455 3259 590 3318 volentes
613 3258 714 3317 fausta
734 3255 882 3316 Camillis.

139 3434 235 3492 Divae
248 3433 379 3490 Nemesis
398 3429 595 3489 Graecanicae
612 3429 735 3505 (Latiae
750 3425 964 3499 Verticordiae)
1009 3420 1051 3482 60

547 3533 566 3571 a
647 3557 654 3572 ι

139 3601 185 3660 Te
205 3618 280 3659 voco
299 3607 330 3658 te
349 3598 493 3669 Nemesis
512 3533 721 3671 victqiilmeea,
742 3615 854 3675 magne
877 3590 1016 3666 &milita
