2586 4214
498 366 650 461 ffi-

115 534 260 593 Vitulans
284 542 410 593 ovanter
430 543 525 595 morte
545 534 674 594 confecti
695 536 767 594 viri:

115 618 181 680 Sed
203 620 284 678 circa
306 636 423 697 puppas
447 620 553 680 ultimo
576 628 665 679 aucto
686 621 809 697 spiritus

116 705 269 776 Excurso,
290 705 402 763 amaris
415 705 544 782 ignibus
565 705 756 779 cremabitur,

117 788 221 847 Iovem
243 789 390 866 Fugalem
409 786 544 866 ¹plurima
565 791 704 850 incalans
725 809 817 868 prece

116 876 232 932 Amara
251 875 316 932 fata
338 883 528 933 concremato
549 884 695 935 avertere.

116 957 185 1017 Nec
207 977 310 1036 agger,
332 968 384 1017 aut
404 962 512 1018 navale
534 962 801 1039 propugnaculum,

117 1043 184 1103 Nec
206 1045 395 1103 crebrisurus
411 1045 532 1121 pluteus
551 1055 642 1122 atque
663 1046 815 1118 scansilia,

116 1128 192 1188 Nou
212 1129 322 1188 iuverit
340 1128 447 1204 lorica,
473 1148 532 1189 non
554 1132 713 1208 pinnarum
737 1149 826 1208 opus,

117 1212 181 1274 sed
199 1214 284 1274 fumo
304 1221 337 1271 ut
360 1233 417 1271 axe
438 1215 636 1293 conglobatae
659 1217 806 1292 apiculae,

116 1299 248 1374 Vaporis
271 1318 355 1371 aura,
378 1300 563 1375 turriumque
584 1303 720 1374 verbere,

115 1384 143 1443 E
166 1403 270 1461 puppe
292 1385 461 1459 rostrisque
484 1394 574 1462 atque
596 1395 761 1445 rostrorum
779 1384 856 1444 foris

117 1466 225 1527 Crebri
247 1469 432 1544 petauristas
455 1479 484 1527 et
506 1471 654 1530 sedilibus
678 1472 742 1530 suis

115 1551 204 1613 Saltu
224 1554 414 1631 peregrinam
437 1557 634 1613 cruentabant
656 1557 788 1615 humum.

115 1636 293 1714 Procosque
314 1639 423 1697 multos
446 1638 594 1698 Graeciae
612 1640 794 1716 palmarium

116 1722 382 1795 Hastaferentes,
406 1724 537 1782 inclutos
560 1726 715 1800 prosapia,
820 1738 830 1757 ⁹

83 1859 86 1865 .
116 1807 204 1865 Tuae
223 1808 340 1867 feroces
363 1817 460 1867 morte
481 1810 655 1867 mactabunt
676 1824 784 1866 manns

116 1892 205 1951 Tabo
227 1902 380 1966 cruentae,
402 1912 504 1951 amore
524 1894 599 1952 belli
621 1895 817 1971 asperrimae.

115 1976 180 2038 Sed
198 1977 268 2054 ipsa
288 1978 401 2036 luctum
421 1998 481 2036 non
501 1979 649 2039 minorem
671 1979 833 2056 perferam,
849 1986 851 1991 '

118 2063 187 2120 Tuo
209 2081 265 2138 per
285 2083 372 2121 omne
394 2072 512 2122 maesta
534 2074 653 2142 tempus
675 2065 792 2122 funere.

116 2146 200 2211 Nam
217 2148 283 2205 dira
302 2149 343 2206 mi
362 2148 419 2206 illa
440 2149 505 2207 dira
526 2150 659 2210 lucescet
681 2148 757 2222 dies,

118 2230 387 2308 Gravissimuaque
408 2234 551 2307 luctuum,
575 2237 647 2294 anni
670 2253 728 2311 quo
747 2252 837 2296 senes

117 2316 240 2376 Circum
261 2325 398 2377 rotantes
419 2317 597 2378 Noctilucae
615 2320 753 2378 viderint.

117 2402 189 2461 Heu
213 2403 272 2460 heu
290 2403 454 2480 gemendus
478 2413 508 2460 et
528 2405 601 2462 mihi
618 2406 673 2463 flos
697 2412 744 2461 est
763 2411 844 2477 tuus,

118 2488 147 2548 0
169 2487 262 2562 pulle,
279 2487 375 2547 dulcis
396 2489 455 2546 heu
477 2498 634 2563 parentum
658 2488 787 2560 sarcina,

116 2575 233 2630 Amore
256 2591 381 2631 saevum
403 2573 641 2647 quidracouem
664 2573 805 2632 saucians

116 2658 159 2715 Et
176 2657 257 2715 illice
277 2657 351 2734 igni,
376 2658 571 2733 sauciumque
588 2658 736 2734 compede

119 2740 215 2802 Grata
236 2760 383 2801 coercens
403 2752 523 2820 tempus
543 2745 691 2821 ingratum
713 2745 815 2813 breve,

117 2829 147 2887 A
170 2827 275 2886 saucio
296 2847 356 2885 uon
377 2829 444 2903 ipse
461 2829 582 2887 saucius
603 2833 716 2900 tamen,

118 2912 291 2971 Truncatus
316 2932 398 2970 aram
418 2922 450 2971 tu
473 2915 643 2975 cruentabis
666 2912 770 2988 patris.

118 2996 190 3055 Heu
210 3016 258 3054 me
280 2998 442 3071 misellam,
463 3006 493 3056 et
510 3018 566 3074 par
585 2999 747 3075 benignum
768 2996 929 3073 virginum,

118 3082 280 3158 Tuumque
300 3084 388 3142 bruta
409 3100 578 3157 conqueror
599 3085 692 3141 fatum
714 3082 815 3140 canis:

112 3165 254 3239 ‘Quarum
278 3180 415 3227 sororem
436 3175 519 3226 terra
541 3169 643 3227 nutrix
664 3168 791 3225 alteram

118 3250 234 3311 Hiulca
252 3252 417 3312 devorabit
427 3253 525 3312 infero
547 3273 640 3330 specu

118 3336 232 3396 Adulta
254 3339 388 3413 proxime
410 3338 575 3396 intuentem
597 3336 793 3408 incommoda,

119 3419 188 3495 Qua
208 3422 270 3479 late
291 3423 389 3482 avitus
407 3423 493 3483 lucus
514 3430 546 3480 et
562 3426 683 3482 bustum
705 3423 795 3498 lupae

118 3506 204 3567 Iacet
224 3506 364 3584 sepultae
384 3509 538 3566 adulterae
560 3526 629 3567 cum
650 3509 726 3567 filio·

117 3591 300 3668 Priusquam
323 3612 411 3670 opem
432 3594 581 3672 mulgeret
599 3593 701 3654 infans
723 3592 863 3664 lacteam,
954 3608 957 3619 ·

768 3688 834 3748 22·
