2532 4216
566 389 603 448 13

137 549 237 611 Omnis
259 552 348 612 ocius
371 554 430 612 buc
452 573 508 614 sua

145 664 150 672 ·
172 635 248 694 Vota
270 639 444 697 contribuat
460 640 527 713 tibi,

174 720 232 796 Qui
249 729 334 780 tuum
362 723 493 783 thiasum
515 726 599 799 colit,

173 805 242 881 Qui,
264 807 403 881 Melisse,
427 809 524 869 sititor
545 819 593 870 est

172 888 416 967 Hippocrenidos
442 895 549 953 undae.

11 958 12 975 ¹
38 1025 43 1041 ,
132 976 227 1034 Ambo
250 977 444 1037 contribuant
465 998 551 1038 suum

172 1058 311 1134 Carmen,
328 1062 420 1138 inque
441 1064 538 1122 vicem
559 1064 617 1125 sibi

173 1142 260 1205 Serta
280 1154 384 1205 mutua
407 1158 584 1226 comparent

170 1229 248 1290 Filio
274 1232 404 1291 celebris
425 1252 549 1310 pareus,

169 1314 325 1391 Piliusque
343 1319 470 1393 parenti.

135 1397 247 1475 Tuque,
271 1420 349 1475 quae
372 1403 467 1461 semel
489 1403 570 1461 edita

169 1483 262 1543 Prole
284 1494 435 1547 meteres
459 1488 561 1560 unius,
621 1545 632 1555 t*

170 1570 268 1629 Mater
292 1571 363 1629 alite
385 1590 452 1630 cum
474 1573 557 1631 bona

170 1654 256 1715 Vatis
280 1664 352 1741 esto.
368 1675 425 1715 nec
446 1657 547 1728 unius,

169 1738 236 1798 Neo
256 1749 383 1816 parente
405 1741 543 1800 minoris.
595 1790 597 1795 ,

284 1909 312 1967 4.
359 1912 398 1967 In
421 1911 555 1967 tabellam
577 1912 707 1984 depictae
727 1910 879 1969 Dominae.

131 1990 203 2052 (lum
226 1995 380 2053 dominam
400 2003 524 2053 nostrae
545 1995 655 2053 mentis
670 2013 787 2055 memor
801 2014 875 2054 aura
885 2004 1037 2072 retractat,

168 2078 329 2138 Praesenti
351 2080 508 2138 absentem
530 2099 624 2155 parva
644 2081 759 2138 tabella
780 2082 882 2142 refert.

131 2160 203 2221 Cum
224 2172 356 2222 mentem
378 2165 514 2237 artificis,
535 2184 600 2223 cum
620 2165 714 2223 miror
731 2166 872 2244 imaginis
890 2167 1038 2241 umbram,

57 2243 59 2248 ’
169 2249 219 2307 11Ιὶ
241 2250 315 2307 hera
336 2268 403 2325 par,
431 2249 480 2307 vel
499 2269 556 2326 par
578 2250 632 2307 illa
650 2251 768 2309 videtur
786 2251 887 2308 herae.

130 2331 267 2409 Denique
286 2333 485 2409 quodcunque
507 2342 570 2405 est3
594 2336 702 2412 genius
724 2335 911 2395 certissimus
932 2335 1007 2395 artis

170 2418 384 2479 Transformat
407 2437 515 2478 sensus
538 2420 571 2478 in
595 2438 651 2478 sua
673 2419 761 2495 signa
783 2438 878 2478 meos.

130 2504 259 2577 Muneris,
281 2504 449 2579 siquando
470 2503 543 2561 mihi
565 2503 688 2561 domina
712 2503 840 2578 imperat
861 2503 994 2562 absens?

169 2589 304 2666 Imperat
323 2590 398 2647 baec
419 2589 510 2647 etiam
532 2596 615 2659 mota
634 2588 748 2645 tabella
770 2589 852 2648 mihi.

357 2757 386 2817 5.
428 2759 480 2817 Ec
499 2759 603 2816 Italico
625 2757 809 2816 Pctrcrcbnc.

130 2841 196 2900 Lux
216 2842 322 2901 aderat
342 2863 402 2918 qua
425 2841 480 2903 Sol
501 2843 654 2920 ferrugine
676 2842 815 2901 conditos
837 2850 902 2901 atra

169 2926 315 2986 Testatus
335 2928 462 2987 Domini
482 2936 529 2986 est
548 2928 657 2985 funera
677 2929 788 2986 acerba
807 2927 865 2999 sui,

131 3011 196 3087 Qua
216 3013 310 3089 perii:
332 3033 432 3090 neque
453 3013 509 3073 sub
532 3031 637 3072 casses
659 3013 808 3089 dilapsus,
831 3012 931 3083 Aella,

169 3094 271 3170 Sensi,
291 3098 456 3157 luminibus
479 3104 596 3174 captus,
617 3096 716 3170 Aello,
742 3098 812 3156 tuis.

128 3179 193 3239 Nec
215 3190 345 3240 mentem
371 3183 469 3241 adieci
492 3183 585 3253 bello,
608 3200 732 3241 securus
756 3182 896 3240 abibam.>

167 3266 226 3324 llla
246 3267 396 3326 elementa
419 3267 479 3324 mei
498 3268 598 3343 prima
617 3267 702 3324 fuere
725 3267 806 3324 mali.

130 3347 202 3409 Cum
224 3352 299 3409 mihi
320 3353 448 3429 pacifico
473 3352 671 3411 saevissimus
694 3352 803 3424 hostis,
825 3351 933 3409 inermi

168 3438 319 3515 Armiger,
340 3437 457 3497 imbelli
477 3436 604 3495 bellicus
623 3437 716 3496 instat
737 3439 849 3505 Amor3

129 3516 244 3598 Perque
264 3523 366 3582 oculos
389 3522 473 3582 cordi
492 3521 628 3580 insinuat
649 3529 805 3598 mascator
829 3528 967 3595 apertos3

169 3605 229 3683 Qui
252 3608 340 3666 modo
362 3615 433 3667 sunt
452 3605 585 3665 lacrimis
607 3607 700 3664 ianua
722 3607 793 3664 trita
812 3605 899 3664 meis.
