2502 4218
638 346 790 444 „¹3²-

256 511 405 585 Persona‚
425 513 555 589 primum
576 533 667 590 quem
688 516 743 575 tibi
761 517 966 594 impositionis,

177 627 180 637 ·
256 597 306 657 Ad
328 596 465 659 numum
486 617 581 674 usque
604 601 775 675 perferatur
795 602 919 660 exitum.

256 680 323 740 Nec
344 682 375 743 in
394 701 518 746 recessu
540 684 712 744 solitudinis
734 687 816 744 ferae

256 770 351 827 Actus
374 764 515 828 hone'stos
533 770 693 845 squallidis
715 771 844 829 inertiae

255 851 379 910 Damna
400 854 544 913 tenebris.
567 853 629 912 Gur
648 856 822 930 relinquens
842 865 873 913 te
896 855 985 927 foris,
1067 932 1070 938 Ι

257 936 303 996 Te
325 956 430 997 rursus
453 939 526 997 ulibi
543 940 687 1014 quaeris?
708 939 875 1003 Hominum
899 960 916 998 e
938 941 1074 1005 coetibus

256 1022 352 1082 Exire
372 1023 507 1101 ineptum
529 1032 772 1102 est‚,uutequsm
795 1046 811 1084 e
833 1027 897 1085 vite
918 1044 1023 1085 exeas.
1120 1089 1122 1093 .

282 1228 285 1233 ι
536 1186 566 1250 3ss
608 1194 721 1252 Doctus
738 1198 769 1252 in
793 1194 881 1254 Aeta.

258 1270 367 1334 Cultor
387 1273 550 1335 camoenis
577 1277 668 1335 debiti
691 1270 804 1338 silentii

256 1359 390 1418 Finxere
409 1369 513 1435 pectus
535 1362 583 1425 cui
601 1362 726 1437 politum
749 1362 868 1437 literae,

257 1444 378 1503 Venisti
401 1444 432 1501 in
451 1445 552 1502 aulam
570 1446 708 1507 literatus
732 1449 846 1509 arbiter

256 1528 447 1606 Negotiosee
471 1539 501 1587 et
521 1530 674 1604 inquietae
694 1530 831 1591 inertiae.

257 1615 286 1675 Ο
309 1614 397 1689 quale
419 1615 514 1673 debes
538 1617 680 1676 omnibus
704 1616 866 1677 ludibrium

256 1700 382 1759 Asellus
406 1699 486 1757 inter
506 1700 629 1760 simiesl
655 1702 742 1761 Tune
764 1704 823 1771 bic,
845 1703 897 1761 ubi

257 1785 358 1847 Unum
381 1804 397 1842 e
419 1792 466 1843 tot
487 1785 641 1845 hominurn
661 1787 754 1865 plebe
773 1788 825 1846 rix
848 1787 999 1846 bominem
1021 1785 1127 1847 rides?

257 1870 317 1931 Ubi
341 1869 385 1928 nil
402 1870 446 1928 tui
467 1871 517 1944 sit,
541 1871 643 1931 nullus
663 1873 712 1930 hie
730 1873 815 1932 locus
835 1873 967 1932 tibi-est.

527 2039 556 2098 l.
599 2041 716 2098 Noctu
735 2044 893 2118 impetui.

259 2121 337 2183 Sunt
357 2122 527 2184 discolores
544 2124 681 2184 metibus
701 2125 801 2202 plebs,
825 2126 956 2186 nobilest

258 2205 320 2269 Sed
342 2208 517 2267 concolores
540 2219 610 2269 sunt
634 2210 751 2284 utrique
773 2213 919 2272 moribus.

258 2377 288 2435 5.
331 2377 456 2435 Amicus
479 2396 499 2435 e
518 2385 549 2436 te
574 2379 601 2437 si
622 2380 694 2454 quid
715 2384 876 2458 exspectnt
899 2379 983 2452 boni,

256 2461 293 2519 Id
312 2481 400 2521 omne
419 2462 509 2520 debet
528 2464 644 2541 expeti,
664 2485 727 2524 non
745 2465 886 2542 exprimi.
939 2488 942 2495 ’

256 2546 385 2606 Extorto
406 2548 557 2606 neminem
577 2549 725 2626 obligavit
742 2551 850 2627 gretia.

256 2633 284 2690 Α
308 2640 370 2690 non
394 2632 513 2691 volente
533 2635 611 2708 quod
632 2635 729 2708 detur,
754 2655 815 2694 non
837 2635 944 2692 debeo.

258 2801 287 2860 6.
327 2800 491 2861 Illiberalis
510 2803 695 2881 indigentem
719 2821 817 2877 quum·
833 2802 935 2876 videt,a

258 2886 474 2960 Occasionem,
496 2906 548 2945 cur
568 2888 642 2945 nibil
665 2888 726 2959 det,
747 2896 885 2963 aucupet

258 2971 336 3047 Quis
351 2979 383 3030 tu
400 2972 458 3031 es?
480 2973 552 3049 quid
569 2992 602 3032 es
617 2973 681 3030 mi?
699 2973 860 3048 proximus
874 2990 941 3031 sum
952 2978 1078 3049 egomet
1085 2966 1159 3039 mihi,

256 3055 328 3115 Hoc
346 3058 558 3130 non-habebo,
581 3048 660 3132 quod
682 3058 771 3116 dubo.
795 3057 997 3134 Indigentiem

258 3140 434 3202 Contemnit
456 3142 587 3201 alienum
608 3142 672 3214 ille,
693 3143 744 3217 qui
765 3161 851 3202 suem
872 3143 966 3199 timet.

258 3311 287 3369 7.
335 3315 467 3370 Assuete
488 3329 607 3387 pauper
626 3311 760 3369 invidere
778 3310 880 3383 divitis

258 3395 317 3455 cui
335 3414 457 3473 semper
480 3396 545 3455 cius
570 3414 609 3454 ex
630 3396 720 3456 bonis
741 3397 820 3455 oculi
842 3395 957 3467 dolent,

258 3480 417 3540 Contende
442 3490 531 3557 captu
550 3499 618 3538 curn
641 3491 692 3539 tuo
713 3491 832 3559 captum
853 3481 948 3539 illiusi
1009 3506 1013 3511 ’

257 3565 431 3624 Habentiue
451 3565 516 3625 eius
538 3574 570 3623 tu
592 3566 771 3639 oemulatur,
790 3567 840 3624 hic
860 3574 930 3625 tuae
951 3571 1000 3628 est
