2532 4216
641 323 661 382 8

238 497 312 557 Eius
333 493 477 574 exprimit
498 513 559 553 ore.

197 586 286 645 Hanc
305 581 393 641 nefas
417 580 483 640 sine
505 596 645 655 compare

241 666 386 728 Solitaria
406 664 556 723 caelibum

239 753 322 811 More
342 759 479 828 tempora
499 750 619 820 ducere,

239 835 307 895 Nec
329 837 386 895 tori
405 837 498 907 bona,
520 853 577 893 nec
596 849 665 890 mea

139 951 141 954 >
240 921 343 981 Nosse
363 920 498 997 praemia
517 926 615 978 natos.

197 1005 272 1066 Non
294 1007 339 1066 eis
361 1004 427 1078 tibi,
451 1024 514 1064 non
533 1004 578 1063 eis

240 1090 324 1150 Nata
345 1090 409 1148 filia
428 1089 558 1167 legibus,

241 1176 285 1237 Ut
305 1174 385 1234 domi
408 1174 519 1234 sterilis
544 1174 654 1233 sedens

244 1258 425 1338 Carperetur
445 1258 568 1319 inutiles

241 1345 336 1421 Virgo
359 1343 470 1402 nubilis
493 1361 601 1402 annos.

201 1430 323 1506 Quaere
343 1428 394 1503 qui
414 1429 540 1505 propria
558 1437 641 1487 tuum

242 1513 361 1572 Fulciat
383 1513 462 1572 serie
483 1531 590 1591 genus,

242 1597 289 1656 Te
312 1598 471 1674 nepotibus
492 1605 601 1676 augeat

244 1681 343 1757 Seque
364 1683 495 1742 sufficiat
512 1684 578 1756 tibi,

242 1767 290 1826 Te
311 1768 412 1844 perire
434 1768 572 1827 vetando.

200 1852 247 1912 En
268 1861 391 1928 paratus
413 1854 501 1912 adest
522 1853 588 1927 tibi,

242 1937 322 1995 Vota
343 1939 394 2012 qui
414 1944 538 2014 superet
559 1945 611 1998 tua

241 2020 378 2080 Patrium
401 2022 546 2080 decorans
570 2024 666 2083 solum

245 2105 377 2183 Gaspm,
400 2114 431 2165 et
453 2106 567 2166 Frisios
588 2127 659 2167 suos

242 2191 336 2250 Flore
357 2190 457 2269 gentis
480 2191 592 2251 avitae:

201 2275 311 2351 Qualis
334 2276 374 2334 ad
395 2276 521 2334 vitream
543 2276 656 2336 Thetin

244 2360 337 2419 Venit
355 2361 505 2420 Aeacides
528 2381 625 2436 suam,

245 2443 352 2522 Nupta
367 2465 426 2521 qua
444 2447 554 2523 cupido
574 2447 645 2505 data
663 2454 709 2507 est

246 2528 343 2588 Nocte
364 2531 482 2591 lucibus
507 2534 645 2592 omnibus

246 2612 374 2692 Semper
395 2615 603 2690 anteferenda,

202 2698 345 2759 Prodeat.
370 2701 570 2774 nequeenim
592 2721 687 2761 mora.

246 2782 427 2860 coniugalia
448 2785 592 2844 suavibus

245 2867 366 2945 Pangat
388 2869 494 2928 oscula
517 2871 622 2944 saviis,

246 2952 446 3030 Brachiisque
468 2956 624 3016 tenacibus

248 3037 334 3098 colla
357 3038 470 3096 vinciat
491 3042 608 3102 Annae.

205 3120 307 3181 Verba
327 3142 366 3182 ne
386 3132 509 3183 careant
533 3125 604 3199 fide,

250 3207 355 3280 Ocius,
376 3210 470 3283 pueri,
493 3211 551 3268 huc
570 3229 627 3288 age

248 3291 415 3351 Conuenite
433 3293 609 3373 Cupidines.

248 3377 306 3450 Ite,
326 3377 444 3454 spicula
466 3380 615 3457 stringite,

248 3462 397 3539 Expedite
417 3466 585 3542 pharetras.

207 3544 280 3622 Qua
297 3547 399 3607 fidelia
423 3550 549 3627 cuspide
