2586 4214
636 334 789 432 goo—

251 510 299 568 Ea
317 507 537 584 circumstrepit
558 506 713 565 hominum
736 508 833 566 turba.

183 599 234 653 165
250 594 319 653 Nee
339 612 397 652 nos
416 600 522 652 eontra
543 592 682 651 conferre
702 593 811 669 pedem

252 677 430 751 Possumus,
452 679 579 737 absente
601 678 691 736 modo
713 684 753 736 te.
780 704 782 711 ι

250 764 294 824 Ut
316 771 513 840 conspectum
532 762 637 839 fugere
659 770 753 835 tuum,

252 847 427 924 strepitant,
448 847 547 923 qualis
570 847 713 906 defuncta
733 853 816 905 metu

250 933 399 1007 Vulturis,
422 933 522 992 avium
543 934 631 990 turba
651 932 816 991 volantum.

253 1018 345 1095 Quod
369 1018 397 1078 si
419 1018 527 1078 subitis
547 1017 625 1076 citus
646 1018 774 1089 existas,

184 1113 236 1168 170
252 1104 330 1165 Muti
351 1103 470 1181 fugiant
491 1102 686 1180 trepidanter.
829 1140 833 1151 ·

603 1187 733 1265 Stropha
755 1186 816 1244 XI.

254 1275 344 1332 Anne
368 1271 470 1330 Diana
490 1279 573 1330 tuum
593 1273 716 1332 soboles
735 1270 821 1330 Iovis

253 1357 317 1433 (Ah
337 1357 403 1414 fera
425 1357 515 1429 fama,
539 1357 616 1429 fera,

146 1506 148 1511 ⁴
252 1443 350 1500 Mater
371 1442 411 1499 ah
432 1440 538 1518 probri
557 1441 632 1517 mei)

252 1526 291 1585 In
309 1526 418 1603 volg‘us
438 1535 641 1585 armentorum
662 1526 793 1584 animum
812 1523 944 1594 feriavit,

253 1614 316 1671 Aut
334 1612 409 1670 orba
429 1610 528 1669 fructu
546 1611 648 1670 debito
670 1611 825 1683 victoriae,

253 1699 316 1756 Aut
338 1696 506 1773 spoliorum
529 1697 629 1772 aliquo

253 1782 410 1841 Frustrata
429 1783 559 1854 honore,
583 1788 635 1840 aut
656 1778 774 1839 hinnlei
794 1777 932 1836 exuviis?

253 1866 423 1926 Bellonane
440 1885 480 1925 an
498 1867 582 1926 Mars
606 1864 787 1943 supplicium
808 1862 915 1922 rabido

253 1951 393 2011 Poscens
415 1950 515 2008 calen-

255 2043 299 2093 -te
323 2036 653 2113 sanguine‚nootivagis
675 2033 804 2092 vindiois

254 2121 418 2180 Furoribus
439 2120 513 2179 irae.

567 2204 760 2279 Antiatroplta
782 2203 845 2261 XI.

254 2286 329 2347 Non
348 2297 378 2346 te
400 2288 477 2347 adeo
498 2307 595 2363 usqne
619 2288 743 2348 sinister
760 2287 823 2365 agit
841 2285 933 2357 furor,

256 2372 536 2448 OTelamoniada,
569 2432 575 2447 ,

256 2460 294 2517 In
314 2477 422 2537 greges
444 2438 479 2517 ui
499 2467 531 2518 tu
551 2460 662 2521 irruas.

257 2543 343 2602 Haeo
363 2544 502 2611 caelitum
524 2545 573 2604 vis
595 2552 643 2603 est
660 2562 755 2620 mage.
778 2541 916 2618 Iuppiter
930 2558 1017 2598 aver·

257 2636 395 2687 -runoate
414 2629 509 2707 volgi,
533 2637 563 2687 et
583 2629 722 2700 Phoebo,
740 2644 874 2685 rumores
895 2625 1004 2685 malos.

257 2710 312 2773 Sin
332 2731 387 2772 sua
409 2715 578 2791 composito

256 2795 435 2857 Commenta
452 2800 570 2876 fingunt
591 2806 655 2856 arte
676 2798 757 2856 mala
778 2814 933 2872 proceres,

255 2885 318 2942 Aut
337 2901 405 2941 aere
426 2885 505 2942 cauti
528 2883 710 2960 Sisyphidae
733 2899 846 2960 genus:

255 2965 317 3041 Ne,
339 2968 366 3027 si
390 2970 485 3046 sapis,

255 3052 305 3112 Ad
327 3053 412 3126 haee,
433 3073 522 3132 rogo,
544 3061 644 3113 eastra
665 3071 790 3111 manens
811 3050 926 3124 deside,

253 3137 370 3196 Probro
393 3138 449 3197 tibi
470 3157 509 3197 ne
533 3138 582 3198 sit.

600 3225 726 3300 Epodar
748 3222 821 3282 VII.

254 3306 374 3381 Linque
395 3307 518 3367 sedilia:
539 3326 645 3385 surge:
669 3308 721 3366 ubi
742 3308 812 3383 plus
836 3313 885 3366 sat
904 3305 997 3383 longo

255 3391 354 3450 Lente
372 3392 522 3451 exercitus
540 3392 712 3452 immoraris
737 3393 812 3466 otio,

167 3471 168 3475 ’
255 3475 333 3534 Dira
349 3477 490 3535 incendia
509 3478 672 3537 ventilans.

255 3560 383 3637 Impune
403 3569 543 3639 proterva
564 3563 611 3622 vis
634 3563 755 3641 linguae
