2502 4218
466 351 617 446 -ια-

77 514 271 593 Πλακιάδαι,
293 515 312 599 ή
336 516 353 578 ό
374 512 529 586 Στέλοιιος.
553 513 717 601 Προίγματ’
742 515 773 586 ἐξ
794 517 951 602 ἀπραξίας.

77 598 232 668 Πλείονες
250 605 310 664 τῶν
332 595 556 685 Καλλικυρίων.
577 598 629 675 Ἐς
648 599 736 682 αἶγας
755 601 870 686 ἀγρίας.
1033 598 1037 607 ’

77 682 255 767 Πομφόλυξ
280 683 452 768 ἅνθρωπος.
483 683 588 772 Οὐρίιρ
609 685 759 770 φέρεσθαι
777 685 935 770 πνεόματι.

77 768 157 852 Πρὶν
180 771 285 854 λαχεῖν
306 767 343 831 τὰ
366 767 448 832 κοίν’
470 770 636 838 ἀπταβίιις.
660 767 787 831 Σκυδῶν
809 769 931 855 ἐρημία.

77 851 575 940 Πρδςτὸνεόπράοοοντατοῖχον.
596 851 816 938 Οὐδ’έλείφθη
826 854 995 940 πυρφόρος.

76 935 155 1001 Πτω
182 939 316 1009 αλαζιόν.
333 934 422 1000 Ἔστι
440 939 491 1001 καὶ
513 945 597 1024 οιγής
618 938 775 1003 ἀκίνδυνον
796 937 898 1023 γέρας.
985 952 989 963 ’

77 960 240 1106 Πυρβόχην
263 1021 379 1107 βλέπει.
404 1020 542 1107 Πίδηκος
563 1025 726 1090 ἀνάπλεως
748 1022 929 1109 ψιμμυθίου.

78 1103 267 1190 Σιφνιάζειν.
282 1100 401 1212 Ὥσπερ
426 1107 604 1193 εὐπάρυφος
624 1108 658 1170 ἐκ
679 1107 854 1191 κωμῳδίας.
897 1187 901 1197 ι

77 1188 326 1274 Στρεψίμαλλος.
352 1188 398 1255 Ου
420 1191 477 1276 γὰρ
501 1193 600 1261 οὕτως
623 1191 698 1255 οὐδὲ
720 1191 862 1275 κείσομαι
881 1192 994 1254 πεοιόν.

78 1272 182 1337 Σῶκον
202 1276 305 1343 αἰτεῖς.
327 1271 381 1344 Εἰς
401 1273 488 1338 Θεῶν
510 1277 567 1340 ὦτ’
583 1277 690 1362 ήλδεν.
710 1275 868 1358 Ἀδμήτου
891 1275 994 1360 μέλος.

79 1354 284 1443 Συκοφάντης
303 1357 381 1428 Χῖος
404 1360 581 1424 άποπατῶν.
601 1358 716 1430 Ῥοίκος
737 1359 932 1445 πολυσχιδές.

80 1438 244 1506 Ταντάλου
268 1445 411 1508 τάλαντα.
430 1441 614 1528 Κωρυκαῖος
634 1447 815 1531 ήκροάζετο.

80 1522 142 1590 Τδν
168 1526 301 1590 θέλοντα
323 1529 396 1612 βοῶν
420 1526 542 1592 ἔλαυνε.
566 1528 608 1595 Τδ
631 1529 827 1599 Φιλοξένειον
849 1527 895 1591 οὔ.

81 1605 153 1675 Τῶν
171 1618 262 1695 τριῶν
285 1616 386 1676 κακῶν
409 1613 451 1676 έν.
469 1612 512 1677 ‘A
534 1616 638 1683 κιοοδς
660 1613 724 1697 μετ’
747 1612 962 1697 Ἀνθεοτήρια.

73 1688 131 1757 Ὗν
154 1697 259 1779 ὀρίνει.
285 1697 424 1761 Φωκέων
443 1697 583 1762 ἀπόνοια.
607 1696 746 1782 Κοχλίου
770 1697 843 1781 βίος.

83 1779 213 1849 Φειδίας
236 1786 391 1865 προσῆκεν
416 1782 533 1866 εἰρήνῃ.
557 1779 670 1845 Κακῶν
693 1781 842 1866 τρικυμία.

79 1860 134 1932 Ὡς
158 1866 220 1927 ἀπὸ
245 1870 381 1947 σκοπιᾶς.
405 1866 535 1950 Ἀμόνει
563 1866 590 1929 δ’
618 1871 660 1935 ῶς
682 1864 792 1951 ἔοικεν’,
812 1867 831 1948 ἡ
852 1866 944 1949 πάγη.

79 1944 134 2017 Ὡς
158 1947 225 2034 ἔχει
246 1951 350 2012 ποδῶν
373 1952 511 2019 ἕκαστος.
536 1949 747 2033 Πειῦανάγκην
769 1948 954 2033 προστιθεῖς.

75 2025 194 2118 Ὥσπερ
217 2031 363 2119 Ἰβίικειος
383 2035 482 2103 ἵππος.
509 2034 667 2121 Ἡρακλῆς
689 2035 843 2107 ξενίζεται.

377 2121 540 2204 παροιμίαι
561 2121 695 2205 φυσικαί.
722 2202 723 2205 ¹

81 2197 279 2288 Ἀρχομένου
305 2203 340 2266 δὲ
360 2203 450 2268 νότου
473 2206 523 2269 καλ
545 2207 693 2289 λήγοντος
719 2202 842 2289 βορέαο.

78 2284 282 2373 Ἀρχομένων
309 2287 419 2351 οικόων
440 2290 491 2351 καὶ
512 2292 674 2372 ληγουοῶν
698 2291 900 2350 κολοκυντῶν.

82 2366 138 2456 Ε’ίη
186 2372 215 2433 οὶ
237 2371 274 2433 τὰ
300 2373 410 2454 μεταξὺ
431 2370 586 2456 Κορίνθου
607 2373 658 2435 καὶ
678 2371 840 2438 Σικυῶνος.
913 2434 919 2443 ,

81 2452 130 2519 Ἐν
150 2397 296 2539 λόορόδου
320 2458 406 2540 κοίτη
432 2458 540 2540 σκολιή
563 2456 728 2540 κέκρυπται
752 2454 909 2537 ἄγρωστις.

83 2536 203 2624 Μηκέτι
222 2542 329 2609 νυκτὸς
352 2541 425 2623 όειν,
445 2539 467 2628 ή
486 2565 536 2605 κεν
559 2540 643 2603 τέκοι
668 2537 816 2623 ἀγροτέρη
843 2543 904 2607 οῶς.

84 2620 202 2708 Μένδην
227 2624 258 2686 έν
278 2626 407 2711 πολέμῳ
428 2627 498 2712 μήτ’
519 2623 615 2701 ἔοδιε,
637 2625 711 2708 μήτε
737 2624 858 2708 φότευε.

84 2704 267 2792 Νυκτερινδς
290 2710 402 2795 βορέας
423 2713 520 2797 τρίτον
546 2709 659 2773 οὔποτε
681 2707 793 2793 φέγγος
813 2705 899 2791 ἄητο.

84 2788 207 2877 Μήποτ’
230 2792 283 2863 ἀπ’
306 2797 435 2879 ήπείρου
460 2797 564 2879 δείοης
584 2793 688 2879 νέφος,
709 2798 752 2863 ὡς
772 2793 832 2859 ἀπὸ
853 2793 966 2857 πόντου

85 2873 259 2963 Χειμῶνος.
281 2878 392 2964 δέρεος
414 2881 449 2944 δέ
472 2879 523 2944 ἀπ’
547 2880 687 2963 η’πείροιο
713 2877 867 2960 μελαίνης.

84 2964 140 3049 Λὶψ
162 2960 278 3047 ἄνεμος
299 2964 377 3049 ταχὺ
399 2965 437 3048 δή
459 2964 602 3050 νεφέλας,
626 2962 703 3048 ταχδ
728 2962 759 3024 δ’
778 2958 883 3043 αίδρια
903 2965 995 3025 ποιεῖ.

166 3046 321 3132 Ἀργέοτη
346 3049 377 3112 δ)
403 3049 509 3135 άνέμῳ
532 3048 607 3112 τάπ’
632 3047 738 3110 ἕπεται
759 3042 884 3129 νεφέλη.

166 3170 269 3180 --
294 3137 380 3218 φιλεῖ
398 3134 433 3197 δὲ
453 3132 540 3202 νότος
563 3132 639 3217 μετὰ
659 3131 790 3216 πάχνην.
887 3182 894 3197 s

159 3214 306 3284 “Auavta
327 3223 406 3302 γηρᾷ
425 3217 535 3294 τᾶλλα,
556 3218 636 3299 πλὴν
660 3213 756 3292 οίνου,
779 3211 892 3297 χρόνῳ.

426 3302 509 3366 Ἀπὸ
531 3301 640 3365 ἐθνῶν.

80 3381 195 3472 Ἀργος
217 3386 347 3471 ἄνυδρον
371 3388 422 3452 έδν
446 3387 566 3449 Δαναοὶ
584 3384 680 3451 δέοαν
699 3383 815 3466 Ἄργος
832 3378 969 3528 ἔνυδρον.

84 3465 135 3541 Εἰς
157 3470 285 3535 Σκῶλον
307 3473 377 3555 μήτ)
401 3471 493 3538 αὐτὸς
516 3468 595 3553 ίμεν,
618 3468 688 3553 μήτ’
715 3467 802 3551 ἄλλῳ
824 3465 898 3528 ἕπεο
921 3488 961 3529 αι.

84 3551 131 3620 Ἐν
158 3556 193 3618 δὲ
215 3554 312 3642 Πάριρ
338 3559 456 3643 ψυχρὸν
480 3554 534 3639 μὲν
559 3554 654 3639 ὕδωρ,
675 3553 769 3701 καλριφ
789 3551 824 3613 δὲ
845 3554 995 3634 γυναῖκες.
