2586 4214
525 344 676 439 ffl—

143 513 271 572 Manas:
293 530 364 570 nam
386 520 499 589 eogunt
517 532 618 573 rernm
641 512 842 573 invietissima
861 514 937 573 iura

144 598 238 658 Adsis
260 597 479 669 eveneranda,
503 598 659 676 optabilis,
681 593 815 659 omnibu’
838 606 935 676 grata,

143 683 240 756 Mitis,
260 682 480 760 suppliciorum
498 683 625 742 illabere
645 679 761 743 vocibu’
785 685 909 743 sanetis.

143 768 238 828 Adsis
262 767 354 842 Diva,
374 768 484 846 fugans
505 769 575 827 Inui
595 769 758 829 simulacra
782 769 929 845 erepusei.

438 937 517 996 Coeli
536 939 676 1014 suffimen,
701 949 755 997 tae.
1036 937 1055 996 3

145 1017 237 1080 Coele
256 1020 349 1078 Pater
367 1040 480 1096 rerum,
498 1023 602 1082 mundi
622 1042 694 1101 pars
713 1023 886 1098 irrequiete,

145 1103 243 1164 Casae
275 1125 404 1182 parens,
443 1109 577 1166 omnium
613 1109 671 1184 qui.
696 1108 894 1185 principium,
932 1105 1057 1163 exitium

754 1193 887 1252 omnium
909 1210 953 1250 es.

143 1274 257 1332 Munda
277 1283 365 1352 pater
388 1276 517 1336 volvens
542 1297 592 1335 am
603 1286 714 1336 terram
728 1277 913 1338 anfractibus
926 1275 1057 1352 magnis,

145 1357 340 1436 Coeligenum
363 1360 482 1434 domus,
505 1363 710 1439 praecipitans
730 1362 889 1442 vertiginis
912 1364 993 1423 orbe.

144 1440 276 1518 Coeliee,
295 1447 458 1520 terrestris,
481 1456 585 1507 eustos
607 1449 784 1524 cortinaque
804 1466 915 1521 rerum,

143 1529 341 1605 Amplectens
361 1533 482 1589 naturai
501 1534 653 1609 pollentia
672 1535 755 1605 iura3

144 1610 305 1687 (inermes,
326 1616 484 1690 indomite,
513 1626 543 1675 et
563 1618 709 1677 Volturno
729 1636 854 1696 parens,
878 1617 1057 1688 Vortumne,

145 1698 338 1773 Omnituens,
359 1699 639 1776 Saturnisatorque,
660 1703 829 1780 nuperrime
849 1702 941 1773 Divo,

143 1781 213 1841 Huc
233 1784 318 1858 ades,
345 1793 434 1861 atque
454 1806 535 1845 novo
555 1787 648 1845 vitam
672 1788 830 1857 moderere
852 1785 991 1847 Camillo.

401 1958 484 2032 Iquta
505 1957 647 2031 suffimen,
670 1976 792 2015 morum.
1038 1955 1057 2013 4

144 2037 204 2113 Qui
222 2040 306 2099 Iovis
327 2041 359 2098 in
382 2041 470 2099 tectis
490 2036 657 2100 dominaris
677 2041 807 2119 pervigil
828 2042 920 2119 ignis,

144 2123 319 2196 Stellarum,
343 2123 439 2198 Solis,
460 2126 620 2203 Lunaique
643 2128 836 2203 omnipotens
858 2145 942 2202 pars,
991 2142 994 2149 ’

146 2209 383 2282 Omnidomans,
407 2211 540 2287 spirans,
564 2213 749 2271 animantum
775 2212 892 2271 vividus
914 2211 1015 2283 ardor,

143 2292 282 2354 Caerula
297 2295 381 2353 celsa
398 2314 520 2373 regens,
544 2298 726 2356 elementum
748 2296 853 2355 nobile
874 2296 995 2354 mnndi:

141 2379 215 2439 Flos
234 2380 339 2458 ignite,
358 2381 447 2438 iubar
464 2381 641 2458 genitabile,
665 2381 841 2453 uiderimus,

144 2463 221 2524 Cum
233 2466 379 2542 precibus
392 2465 457 2523 calo
471 2474 501 2523 te
514 2467 737 2539 innocuumque
747 2473 778 2522 et
787 2465 967 2541 temperiem
977 2482 1056 2523 esse.

368 2633 538 2709 Primiqeuii
558 2633 699 2709 suffimen,
719 2652 827 2691 murra.
1037 2634 1056 2691 5

143 2717 349 2796 Primigenam
362 2721 500 2780 obtestor
511 2718 673 2798 geminum,
692 2737 845 2794 magnum,
858 2718 1057 2796 aerivolgum‚

142 2803 342 2879 Indugenam‚
364 2805 467 2879 pinnis
486 2804 586 2863 aureis
610 2803 779 2862 illustribus
799 2810 918 2879 uptam3

143 2886 361 2966 Taurigenam‚
375 2888 488 2948 Divum
500 2899 590 2965 atque
602 2889 758 2947 hominnm
768 2888 932 2964 genitabile
943 2906 1058 2947 semen.

143 2973 275 3032 Antidea
296 2974 328 3031 in
352 2980 434 3032 terra
454 2975 575 3033 celebre
598 2983 628 3032 et
649 2973 844 3031 memorabile
862 2992 974 3035 numen

142 3057 313 3130 Immotum,
332 3057 464 3132 Latium,
486 3068 665 3132 torrentem,
686 3057 792 3117 nobile
809 3077 943 3135 germen.

143 3140 204 3215 Qui
223 3162 378 3219 creperum
398 3146 526 3203 extersti
546 3145 647 3204 caeeis
670 3144 830 3222 caliginem
854 3144 973 3216 ocellis,

141 3226 329 3306 Pervolgans
352 3228 456 3285 mundi
477 3225 644 3288 nutantibn'
664 3230 786 3288 moenia
806 3229 930 3304 pennis:

142 3312 275 3370 Lumina
292 3313 516 3390 praependens,
535 3314 605 3371 hine
626 3314 733 3372 Lunus
755 3314 864 3372 diceris
890 3332 972 3386 esee,

142 3398 339 3473 Mutinaeque
355 3398 453 3470 Deus,
476 3405 507 3454 et
526 3394 700 3457 Noctiluou’
724 3416 898 3476 crepusens.

144 3480 207 3542 Sed
227 3482 379 3542 Volturne
397 3491 496 3560 pater,
519 3480 612 3542 Semo
634 3482 823 3543 laetissimus
844 3483 940 3555 adsis,

141 3566 331 3628 Fluminibus
354 3568 468 3627 sanetis
491 3568 530 3627 ad
548 3567 659 3625 festum
679 3567 886 3644 pandiculare.
