2604 4210
642 395 793 490 ‚ra-

263 566 402 626 Occursu
425 563 570 623 horrifero
589 564 772 643 pervolgans
794 564 891 624 noctis
915 583 1023 643 opaca,

264 649 326 711 Sed
349 652 405 709 sub
427 657 457 707 te
477 648 566 725 placo
588 649 709 728 Regina
729 650 879 729 nigrantis
900 650 1024 724 Averni,

264 736 460 815 Montivagos
482 733 623 794 stimulos
644 735 763 812 protelo
786 735 826 793 ad
845 735 958 793 extima
978 743 1085 809 terrae,

264 820 450 880 Fluminibus
469 818 540 877 lucii
561 826 716 881 ostentans
738 819 888 897 placabile
909 838 1031 879 numen.

266 988 305 1046 71
465 990 566 1048 Fortis
587 989 738 1048 Fortunae
759 990 900 1065 suffimen,
922 997 976 1049 aaa

263 1072 336 1132 Huc
358 1073 402 1132 aio
425 1072 503 1132 Fors
525 1074 667 1147 Fortuna,
691 1075 786 1134 sacris
800 1070 924 1152 Regina
941 1093 1014 1133 voco
1030 1081 1063 1132 te

264 1160 465 1230 Mansuetam,
489 1158 695 1234 Triviamque,
714 1159 760 1217 rei
781 1160 957 1235 praedivitis
980 1177 1068 1240 ergo,⁸

264 1244 305 1302 Et
321 1243 469 1302 Deianam
489 1244 666 1317 antistitum,
686 1244 773 1320 opaci
797 1244 944 1322 sanguina
966 1242 1062 1304 Consi

264 1328 473 1406 Progenitam‚
495 1336 709 1411 aeternumque
727 1329 840 1392 invicta
859 1329 949 1387 laude
971 1329 1134 1387 cluentem:

266 1415 367 1487 Atque
386 1412 588 1487 Libentinam,
611 1414 822 1490 perticensem,
845 1415 979 1473 omnibu'
1001 1421 1129 1472 cautam.

265 1496 406 1556 Daedala
424 1515 555 1574 namque
575 1499 607 1557 in
629 1506 660 1556 te
682 1499 839 1575 opulentia
860 1505 976 1559 constat
993 1498 1168 1557 homonum.

265 1581 405 1658 Namque
425 1582 495 1643 aliis
518 1602 627 1661 copnm
649 1584 704 1644 dus
724 1603 824 1643 rerum
843 1584 988 1660 pleraque
1007 1583 1137 1653 abunde,

264 1668 477 1744 Paupertatem
501 1669 581 1742 aliis,
602 1670 714 1727 irarum
736 1669 850 1746 percita
871 1669 963 1727 fastu.

168 1826 171 1835 „
265 1753 391 1826 Verum,
412 1772 430 1811 o
450 1753 541 1828 Diva,
566 1754 645 1813 domi
666 1762 697 1812 te
716 1756 843 1813 obsecro
866 1754 1033 1814 Favoniam
1056 1753 1180 1826 adesse,

266 1836 454 1897 Gliscentem
475 1859 512 1897 re
532 1857 618 1916 cape,
641 1840 687 1897 rei
709 1838 886 1916 praedivitis
908 1858 993 1918 argo.

266 2006 307 2064 72
565 2008 651 2066 Genii
670 2010 809 2083 cuffiam,
830 2018 886 2066 tua

264 2090 491 2167 Magnanimum
514 2090 645 2151 Genium
665 2094 740 2166 calo,
761 2101 933 2169 praetorem
955 2091 1169 2162 venerandum,

265 2176 515 2249 Mansuetumque
537 2176 650 2250 Iovem,
672 2187 827 2236 auctorem
847 2177 1020 2255 genitabilis
1042 2195 1143 2248 aurae,

266 2260 417 2331 Diiovem,
425 2261 535 2334 ubique
547 2270 716 2339 vagantem,
731 2263 932 2321 etVaeiovem
942 2262 1178 2338 imperitantem:

266 2343 325 2419 Qui
347 2344 468 2422 largiris
492 2364 579 2422 opes,
601 2354 635 2404 ut
654 2348 738 2406 inisti
761 2356 841 2406 tacta
861 2347 1060 2420 cachinnans,

265 2431 305 2489 Et
328 2437 434 2489 contra
452 2430 601 2491 hnmanae
624 2432 776 2510 extinguis
797 2433 849 2508 qui
871 2432 1025 2490 commoda
1048 2432 1137 2489 vitae,

266 2514 426 2588 Laetitiae,
448 2513 603 2590 moerori,
625 2517 785 2591 Patulciu',
808 2516 933 2577 Clusius
958 2517 1039 2577 idem
1061 2536 1107 2577 es.

267 2599 367 2674 Quare
391 2598 493 2679 Sanga
514 2610 610 2678 pater,
631 2621 767 2661 aurarum
792 2603 909 2662 semina
928 2601 1059 2678 pellens,

266 2684 449 2744 Insidiantia
468 2687 559 2760 vitae,
580 2688 612 2745 in
631 2695 711 2746 terra
734 2688 934 2765 frugiferam,

267 2769 443 2845 Deprecor
466 2773 645 2846 aequanimo
667 2774 758 2831 vitam
781 2772 961 2832 concludere
981 2772 1052 2857 lina.

268 2941 307 2998 73
422 2941 518 2999 Divae
538 2942 689 3001 Albuneae
708 2944 848 3018 suffimen,
871 2950 1014 3000 moneta.

266 3024 437 3083 Albunaam
458 3025 544 3085 elicio
562 3035 741 3105 prognatam
762 3027 898 3105 principa
916 3023 1042 3096 Cadmo,

267 3111 418 3187 Magnam,
441 3130 517 3186 quae
536 3111 680 3170 Brumum
704 3121 751 3183 est
774 3111 967 3171 obstetricata
983 3109 1178 3168 nefrendem:

182 3260 185 3279 Ι
265 3194 336 3254 Huc
355 3195 427 3254 ades
450 3216 469 3254 o
492 3215 569 3271 quae
591 3196 675 3257 salsa
692 3205 779 3256 tenes
802 3205 832 3254 et
848 3197 968 3255 caerula
987 3194 1113 3272 templu,

265 3280 424 3339 Fluctibus
447 3282 597 3355 exultans,
620 3289 776 3341 nautarum
798 3282 917 3358 sospita
936 3281 1030 3352 Iuno;

266 3363 348 3423 Nam
372 3374 403 3423 te
423 3367 589 3442 respiciunt
608 3385 727 3445 puppes
748 3385 910 3444 percaeca
929 3365 1062 3443 pericla3

267 3449 337 3509 Una
354 3450 544 3511 laborantem
567 3453 678 3512 solaris
699 3453 732 3511 in
754 3472 883 3528 aequora
903 3452 1046 3530 volgum
1135 3484 1138 3485 ν

267 3533 399 3613 instu
422 3537 604 3597 subveniens
626 3538 699 3598 ades
721 3539 754 3596 in
776 3537 1095 3614 discriminesospes.

266 3619 349 3696 Ergo
371 3619 512 3701 salutaris
532 3641 679 3698 praesens
702 3623 878 3701 urgentibus
900 3621 984 3682 adsis
