2532 4216
672 321 712 383 66

236 490 310 553 Hec¹
324 491 480 569 pressisse
502 490 628 551 tibisat
653 493 694 553 sit
714 490 843 568 vestigia
864 508 1000 549 avorum.

279 577 341 635 Fac
364 594 484 652 quoque
509 576 552 634 sis
574 584 677 636 tantae
700 596 773 655 pars
792 574 941 633 imitanda
964 572 1083 635 domne.
1146 610 1150 619 ·

237 660 304 721 Nec
323 668 439 721 tantum
462 659 517 719 tibi
540 662 678 721 militiam
700 661 883 721 transcribat
903 660 1024 732 honesti
1098 660 1102 665 ’

279 745 415 807 Muneris
437 745 561 804 emerito
582 747 702 809 functus
725 749 839 806 honore
859 744 968 803 Pater:

237 832 350 892 Verum
371 831 463 889 etiam
485 831 617 907 propriis
637 832 722 890 illam
746 830 906 890 virtutihus
927 848 1011 889 orna.

280 914 356 976 Oum
375 916 491 993 patrias
512 915 559 974 illi
579 918 725 990 innueris,
749 916 826 974 adde
847 922 927 972 tuas.

238 1000 301 1064 Sed
321 1002 434 1060 frustra
451 1019 561 1077 precor
583 1003 668 1060 haec.
695 1012 802 1063 tenues
824 1000 982 1076 rapiuntur
1003 999 1037 1055 in
1060 1013 1148 1056 auras

277 1087 422 1146 Fatorum
441 1104 532 1144 caeco
556 1087 675 1149 turbine
697 1095 770 1146 vcta
791 1104 869 1143 mea.

239 1169 331 1246 Quod
354 1171 450 1230 selum
472 1170 567 1246 potui,
590 1172 716 1231 summis
736 1179 767 1230 te
785 1170 872 1242 iuris,
895 1177 925 1226 et
946 1167 1036 1242 aequi

280 1255 405 1315 Artibus
427 1255 517 1313 eduxi
538 1256 637 1316 laudis
663 1257 701 1314 ad
722 1275 811 1315 omne
833 1271 939 1332 genus.

238 1341 325 1400 Haec
346 1340 499 1415 patefacta
519 1340 570 1398 via
593 1349 650 1414 est,
673 1341 808 1400 sinerent
829 1360 847 1399 o
868 1346 988 1396 caetera
1008 1334 1093 1394 Divi.
1248 1324 1249 1391 i

280 1425 438 1485 Hactenus
460 1426 603 1501 auspiciis
622 1427 677 1483 hoc
691 1435 786 1503 ¹potes
808 1443 878 1484 esse
899 1424 986 1483 meis.
1084 1456 1087 1463 ,

239 1509 382 1578 Dixerat,
406 1517 436 1567 et
457 1509 601 1568 lacrimae
619 1512 714 1569 verba
733 1510 912 1586 imperfecta
931 1515 1055 1569 secutae
1071 1561 1076 1568 .

284 1593 424 1673 Singultu
444 1595 561 1655 medios
585 1596 722 1673 eripuere
745 1614 851 1655 sonos.

238 1680 354 1740 Fatalis
371 1680 501 1753 iuvenis,
519 1681 688 1743 iustissima
709 1701 781 1740 cura
800 1685 971 1757 parentum,

281 1764 367 1839 Quae
390 1772 439 1824 sat
461 1766 518 1824 erit
537 1766 622 1825 morti
644 1775 761 1826 moesta
783 1763 906 1842 querela
925 1763 1019 1821 tuae?

239 1848 383 1926 Aspicis?
406 1857 502 1907 aneto
525 1851 626 1909 sordet
644 1872 725 1917 nunc
743 1853 826 1910 curia
846 1848 942 1923 cultu:

282 1934 495 2010 Iustitiumque
516 1935 604 1993 hodie
628 1936 766 2011 publicus
789 1934 873 1993 urbis
895 1951 983 1991 amor

240 2016 365 2077 Indixit.
407 2025 473 2076 tota
495 2026 543 2076 est
565 2021 637 2079 urbs
659 2021 766 2078 funere
787 2021 878 2077 funus
901 2018 933 2075 in
955 2035 1029 2087 uno,

282 2105 322 2162 Et
342 2108 430 2180 putat
453 2103 553 2160 efferri
570 2123 604 2163 se
627 2123 747 2185 quoque
766 2111 863 2164 morte
887 2112 947 2161 tua.

240 2188 310 2246 Heu
331 2194 475 2263 quantum
496 2197 544 2246 est
566 2209 642 2249 aevo
662 2190 775 2257 crimen
796 2190 913 2249 factura
932 2188 1034 2245 futuro

281 2272 352 2333 Una
373 2273 475 2349 nigras
496 2275 638 2333 tenebras
662 2275 742 2334 inter
766 2275 906 2334 habenda
928 2273 1004 2344 dies,

239 2358 326 2433 Quae
350 2365 448 2416 mutas
471 2357 568 2435 leges,
592 2360 749 2436 sanctique
770 2360 892 2420 silentia
913 2358 988 2417 iuris

283 2441 439 2516 Cerneret,
460 2452 550 2520 atque
573 2446 639 2503 orbi
662 2446 774 2523 frigida
793 2464 888 2522 regna
910 2443 991 2502 fori?

239 2525 322 2600 Quot
342 2528 429 2587 dotes
453 2529 547 2586 animi
566 2549 654 2606 quam
678 2551 773 2607 parvo
798 2530 906 2590 clausit
926 2530 958 2586 in
979 2526 1073 2585 erbe?

280 2613 368 2672 Unus
390 2621 424 2670 ut
443 2614 604 2688 occideret,
625 2625 698 2691 quet
719 2616 837 2694 periere
857 2613 959 2675 bonai

238 2696 292 2770 Di,
311 2698 419 2771 quibus
445 2706 491 2756 est
514 2699 614 2758 clarae
639 2710 780 2777 suspecta
799 2699 937 2777 potentia
956 2695 1067 2775 gentis,

283 2782 359 2858 Quis
382 2790 514 2842 vestrum
533 2791 636 2844 tantae
660 2806 715 2861 par
737 2786 793 2843 erit
814 2783 969 2844 invidiae?

238 2865 255 2923 Ι
276 2885 367 2939 nunc,
390 2867 515 2945 deplora
536 2879 697 2948 congestos
726 2870 837 2947 stragis
860 2886 998 2940 acervos,

280 2952 475 3028 Plurimaque
493 2955 598 3017 hostili
619 2956 716 3013 millia
736 2974 827 3014 caesa
846 2974 946 3013 manu.

201 3073 206 3079 .
240 3037 354 3096 Omnia
376 3058 438 3096 non
459 3048 573 3099 certent
593 3041 662 3097 huic
681 3040 734 3097 uni
758 3041 867 3098 funera
890 3041 1010 3098 damno.

280 3122 417 3182 Iacturas
442 3144 548 3183 omnes
573 3125 674 3185 obruit
692 3145 754 3182 una
770 3126 846 3185 dies.

239 3206 310 3265 Heu
331 3209 448 3267 iuvenis
468 3209 654 3268 miserande:
676 3217 728 3268 tuo
748 3229 828 3271 nunc
849 3211 974 3270 subruta
997 3225 1072 3266 casu

280 3293 338 3352 Est
360 3293 479 3366 domus,
503 3303 533 3351 et
553 3294 651 3370 gentis
676 3313 748 3371 spes
771 3296 922 3354 labefacta
944 3300 1030 3351 tuae:
1099 3351 1102 3363 ,ἱ

239 3375 337 3450 Quam
355 3380 425 3455 pius
444 3379 512 3454 ipse
531 3378 649 3438 Parcus
672 3388 758 3439 exte
781 3378 984 3456 suspenderat
1007 3396 1140 3453 omnem,

280 3463 412 3521 Foverat
431 3469 461 3519 et
480 3465 570 3520 tacito
592 3464 714 3523 credula
731 3473 804 3524 vcta
826 3463 905 3538 sinu,

240 3547 282 3607 Ut
301 3566 409 3623 posses
431 3547 532 3606 oneris
556 3560 684 3627 magnae
706 3550 867 3609 succedere
888 3549 981 3626 parti,
