2532 4216
630 323 780 418 gs-

241 490 417 577 Ι1111111111
439 490 654 551 lucisviveres
679 493 858 568 salutisque,

249 575 404 635 Iniuriosa
423 576 568 633 servitute
586 578 785 653 praedonum,

250 659 309 732 Qui
330 660 504 718 nidulantur
522 662 685 721 Adriaticis
710 663 837 739 stagnis,

249 746 290 804 Et
303 746 376 803 inde
394 764 515 822 semper
537 747 695 805 imminent
713 767 810 806 novae
832 749 975 824 praedae,

250 830 389 889 Thetidis
414 838 551 907 nepotes,
575 840 606 889 et
626 831 765 891 Salaciae
787 833 879 891 cives,

249 915 320 973 Heu
344 914 559 991 Spartacorum
579 918 718 977 traduces
741 919 899 976 venenati!

249 1001 320 1059 Heu
341 1002 563 1077 transfugarum
585 1011 628 1060 tot
647 1003 830 1079 propagines
854 1021 970 1075 sacrae,

249 1087 290 1143 Et
308 1087 491 1163 perditorum
515 1105 604 1163 seges
625 1087 728 1145 adulta
748 1087 917 1147 latronum!

251 1170 346 1246 Queis
369 1188 487 1229 summa
507 1171 575 1229 laus
597 1182 643 1231 est
663 1173 823 1249 possidere
845 1174 882 1230 de
905 1182 1002 1251 rapto,

249 1254 407 1313 Peculium
429 1255 541 1314 fecisse
566 1257 603 1313 de
624 1257 718 1330 malo,
742 1258 846 1316 virtus.

250 1342 384 1415 Quorum
397 1341 469 1399 urbs
486 1342 524 1397 ab
542 1341 614 1400 atris
631 1351 871 1418 quantacunque,
890 1362 1086 1419 quaecunque
1107 1353 1169 1419 est,

249 1423 388 1483 Isaurica
409 1425 583 1497 sodalitate,
607 1427 714 1503 piratis

251 1509 406 1568 Conflata:
429 1511 468 1568 ab
491 1512 564 1569 atris
588 1520 686 1584 aucta,
709 1513 774 1570 fota
799 1510 917 1587 piratis,

249 1598 359 1672 Auget,
380 1595 524 1669 fovetque
548 1616 628 1653 nunc
648 1598 745 1654 amica
766 1596 898 1673 piratas:

250 1680 393 1737 Taberna
413 1680 549 1750 sceleris,
570 1683 693 1740 officina
703 1682 883 1759 Cyclopum,

250 1766 336 1824 Intus
357 1765 527 1824 recondens
549 1767 670 1844 copiam
692 1768 848 1844 improbae
868 1769 989 1840 mercis,

250 1845 384 1926 Dolique
406 1869 528 1909 acervos
549 1853 715 1929 flagitiique
740 1854 919 1911 thesauros:

250 1936 443 2011 Ergastulnm
464 1937 590 2000 cruoris,
612 1944 642 1994 et
660 1956 853 1995 venenorum.

250 2020 312 2078 Ubi
334 2021 471 2076 maxima
489 2021 629 2078 mercede
653 2022 834 2098 sanguinum
859 2021 951 2079 servit

249 2104 384 2180 Propola
405 2105 510 2177 toxici,
534 2106 657 2163 institor
676 2106 749 2163 mali
772 2105 868 2163 succi:

250 2189 329 2246 Tum
350 2189 486 2263 quisquis
511 2200 540 2246 et
557 2190 645 2262 clam,
669 2212 731 2250 non
752 2190 852 2266 palam
872 2191 960 2250 nefas
983 2195 1083 2266 audet,

252 2273 459 2350 Sicariusque,
481 2274 532 2348 qui
550 2275 651 2352 palam
675 2276 762 2334 nefas
785 2275 884 2333 audet.

250 2358 330 2416 Nam
349 2358 435 2416 lictor
452 2360 563 2431 audax,
585 2361 784 2436 publicasque
805 2369 970 2438 grassator,

250 2444 387 2519 Cumque
408 2444 531 2503 horrido
552 2444 666 2504 lanista
683 2445 873 2522 spiculatore,

252 2530 348 2607 Turpi
369 2530 428 2586 fide
451 2539 623 2589 auctoratus
645 2539 676 2589 et
698 2540 897 2602 sacramento,

252 2613 479 2691 stipendiorum
500 2634 555 2692 spe
575 2618 721 2692 superbit,
745 2624 775 2674 et
795 2617 886 2674 sumit

250 2701 279 2757 A
298 2700 421 2756 crimine
442 2700 572 2773 animos,
595 2720 613 2758 a
633 2702 756 2760 licentia
777 2702 899 2758 ferrum.

251 2784 312 2843 Ubi
329 2784 488 2858 peierator,
511 2793 600 2860 atque
621 2787 759 2845 funerum
782 2805 936 2863 manceps,

252 2867 392 2944 Sociiqus
414 2870 520 2944 capitis
545 2879 635 2948 atque
657 2872 813 2950 sanguinis
839 2879 940 2930 sector

250 2953 346 3026 Civis,
364 2958 485 3012 suorum
510 2957 595 3015 triste
616 2958 786 3034 praestinat
806 2956 899 3014 letum

250 3037 437 3114 Quocunque
456 3041 566 3116 pretio,
592 3051 663 3118 quot
683 3042 786 3113 licent,
810 3043 985 3100 amicornm.

251 3122 308 3182 Cui
331 3123 415 3182 nulla
429 3126 510 3184 iusto
532 3130 604 3186 urba
627 3129 724 3185 Marte
750 3127 853 3199 cessit,
873 3133 924 3183 aut
945 3126 1039 3185 bello:

251 3207 313 3269 Sed
336 3209 418 3285 quali
441 3212 540 3269 ahena
562 3213 694 3271 claustra
716 3208 898 3273 moliebatur

250 3297 335 3367 Arte,
359 3303 388 3352 et
410 3315 495 3355 seras
513 3297 675 3375 Philippus
696 3297 825 3370 urbium,
850 3306 880 3353 ct
899 3302 1012 3354 vectes.

251 3378 319 3437 Hac
340 3389 465 3457 propter
485 3383 555 3458 ipso
579 3382 676 3441 estin
699 3383 775 3439 mari
798 3383 867 3453 sita,
890 3389 923 3439 ut
944 3394 1071 3459 magnas

250 3464 390 3523 Piscetur
409 3468 500 3525 urbes
520 3466 652 3541 undique
673 3487 765 3525 aureo
786 3467 853 3524 reti.

294 3550 321 3609 Ο
344 3550 436 3623 Diva,
458 3570 528 3608 nam
550 3570 626 3626 quae
649 3552 805 3611 vorticosa
823 3552 1010 3627 tempestas?
