2560 4216
642 373 793 467 ,373-
963 464 971 479 .

261 542 277 610 ζ
286 542 358 619 (85)
536 537 634 619 Λῆξον
646 534 749 619 Ἔρως
768 538 904 621 κραδίης.

259 624 318 686 cor
340 626 439 686 solum
460 633 491 685 et
509 626 592 684 iecur
615 626 762 703 excipias.
781 627 812 684 in
835 635 956 685 caetera
976 629 1118 701 membra,

300 714 379 771 Acer
395 714 496 783 Amor,
518 712 546 770 si
565 710 611 769 vis
631 711 749 770 mittere
771 711 843 785 tela,
864 711 945 770 licet.

260 875 360 959 (spo)
602 870 718 944 Ἕλκος
741 874 816 960 ἔχω.

257 965 315 1025 Est
337 966 412 1025 mihi
431 965 539 1023 vulnus
561 966 666 1022 Amor.
695 964 798 1024 sanies
820 965 894 1022 mibi
913 974 1019 1024 manat
1037 967 1074 1027 ab
1095 966 1168 1024 illo,
1274 960 1275 1033 ]

300 1051 451 1127 Lacrima,
475 1050 656 1108 inexhausto
681 1051 772 1127 culpa
786 1049 905 1126 liquore
926 1051 1039 1109 madet.

257 1136 425 1212 Respirare
445 1134 557 1193 malum
577 1152 634 1191 nec
655 1153 704 1192 me
726 1134 817 1194 sinit:
836 1135 905 1211 ipse
926 1136 1078 1195 Machaon

300 1222 439 1279 Membra
460 1219 617 1278 salutifera
641 1238 697 1277 nec
717 1218 792 1277 mihi
812 1219 924 1277 mulcet
945 1240 1014 1296 ope.

258 1305 413 1382 Telephus
436 1323 505 1363 esse
528 1304 609 1377 volo,
629 1312 662 1361 tu
685 1304 728 1363 sis
749 1304 823 1377 mihi
843 1304 922 1363 fidus
944 1302 1090 1366 Achilles.

261 1420 265 1435 ,
300 1388 422 1461 Curam,
444 1388 564 1448 laesisti
583 1407 661 1463 quae
682 1389 779 1465 prius,
801 1389 870 1465 ipsa
889 1389 967 1448 leva.

259 1559 354 1637 (ffli)
531 1549 609 1615 Εἰπὲ
630 1553 684 1614 τίνι
706 1553 826 1623 πλέξεις
847 1551 901 1617 ἔτι.

256 1644 316 1703 Dio
339 1644 387 1702 cui
408 1642 577 1718 dispositos
597 1658 746 1719 properes
771 1661 881 1702 ornare
901 1642 1058 1719 capillos?

299 1727 357 1789 Oui
378 1747 483 1787 curare
506 1745 633 1804 ungues,
656 1727 703 1785 cui
730 1727 859 1785 nitidare
878 1728 1010 1786 manus?

222 1866 226 1873 .
257 1812 314 1873 cui
339 1814 412 1873 colis
436 1812 570 1871 excoctis
592 1812 742 1888 conchylii
762 1812 857 1888 pallia
880 1812 979 1871 succis

219 1916 221 1919 ·
299 1899 403 1970 Ebria,
425 1899 562 1956 formosa
580 1905 642 1955 tam
664 1897 773 1973 procul
791 1917 810 1955 a
832 1896 1000 1974 Rhodope?

256 1984 350 2057 Queis
374 1982 471 2042 oculis
493 2000 563 2039 mea
582 1990 612 2038 te
634 1981 779 2058 Rhodope
799 2001 862 2040 non
886 1981 1052 2057 conspicor,
1075 1981 1138 2040 illis

297 2068 455 2144 Usurpare
477 2066 556 2125 diem
580 2086 642 2123 non
666 2085 723 2142 ego
743 2084 838 2142 posse
857 2073 968 2141 putem.

258 2236 274 2302 ζ
285 2235 356 2313 (38)
510 2226 572 2311 Τὴν
600 2227 715 2314 Νιόβην
734 2231 913 2294 κλαίουσαν.

256 2320 399 2380 Flentem<
417 2319 489 2377 olim
512 2317 638 2387 Nioben
660 2320 872 2396 contemplans
894 2320 974 2379 forte
995 2321 1144 2383 bubulcus

301 2404 477 2481 Obstupuit,
502 2411 605 2481 posset
625 2404 653 2463 si
674 2404 834 2463 lacrimare
854 2405 944 2464 silex.

258 2489 370 2550 Contra
390 2498 451 2548 tam
470 2490 582 2566 longae
605 2508 756 2567 gemerem
780 2489 831 2564 qui
857 2490 956 2549 noctis
976 2491 1009 2547 in
1030 2491 1152 2563 umbra,

299 2576 437 2652 Euippae
457 2576 544 2633 vivus
568 2594 627 2635 noa
646 2575 726 2650 lapis
749 2574 890 2632 indoluit.

257 2661 323 2719 Hoc
344 2661 417 2718 facit
436 2678 506 2718 acer
528 2662 631 2732 Amor,
653 2679 755 2718 curam
777 2660 908 2736 partitus
930 2660 1065 2734 utriques

298 2746 338 2803 Et
356 2743 476 2803 Niobae
499 2763 518 2802 a
541 2744 632 2818 natis,
656 2745 782 2803 etmihi
805 2745 843 2802 ab
868 2745 938 2820 igne
958 2762 1036 2802 meo.

259 2912 357 2997 (lac)
505 2907 633 2993 Χρυσῆς
655 2909 822 2993 εἰρύσσασα
844 2909 924 2991 μίαν.

257 3003 388 3078 Legerat
407 2998 533 3057 aureolo
554 2997 644 3058 Doris
668 2999 705 3056 de
730 2999 811 3056 crine
831 2998 983 3076 capillum,

299 3084 426 3144 Ex'illo
446 3083 565 3161 palmas
586 3083 683 3141 vinxit
704 3091 847 3157 utrasque
870 3084 953 3140 mihi.

257 3171 326 3230 Risi
349 3169 487 3245 equidem
505 3169 614 3244 primo.
637 3168 736 3227 nodos
760 3168 833 3225 mibi
860 3168 985 3227 Doridis
1006 3167 1077 3226 illos

299 3255 392 3314 Visus
416 3262 481 3311 erat
502 3253 601 3313 facilis
623 3253 743 3312 solvere
763 3272 856 3327 posse
878 3252 975 3312 labor.

257 3343 329 3401 Mox
346 3339 458 3417 gemui,
477 3346 637 3414 postquam
655 3357 718 3395 non
736 3337 804 3412 rupi
823 3337 954 3411 vincula,
976 3344 1121 3412 tauquam

299 3428 392 3484 Artus
416 3422 591 3482 strinxisset
613 3422 687 3480 dura
710 3430 817 3481 catena
838 3441 933 3481 meos.

257 3511 297 3571 Et
314 3527 394 3569 nunc
415 3507 523 3566 infelix
546 3526 604 3565 uuo
626 3516 714 3582 aptus
733 3506 828 3580 crine,
850 3506 982 3581 potentis

300 3594 433 3671 Imperio
455 3592 619 3665 Dominae,
641 3611 701 3667 quo
721 3590 812 3651 trabit
834 3591 899 3666 illa,
921 3610 1042 3667 aequor.
