2532 4216
465 371 616 466 —o—o*

136 537 247 616 Ingenii
268 538 389 616 excepit
409 538 513 600 indole
535 549 625 619 capta
645 541 704 599 tui:

99 619 133 680 Iit
151 623 248 702 legum
272 623 380 684 studiis
402 625 535 684 animum
556 625 717 685 emendare
736 628 851 685 severis

134 706 209 767 Dum
229 717 329 787 parat,
350 710 426 768 haec
443 711 535 769 tacito
556 711 649 770 rerba
672 710 771 769 dolore
794 710 891 771 dedit:

98 791 424 870 operaepretium,
448 796 548 874 gentis
569 814 643 873 spes
666 812 785 856 summa
809 795 968 871 Thnanae,

132 876 165 939 Si
184 898 244 957 qua
262 880 341 939 Fata
361 880 502 957 sinaut[,]
523 889 555 939 tu
574 899 696 958 quoqne
715 898 844 958 magnus
864 881 934 942 eris.

96 959 165 1023 Sunt
183 965 333 1041 quaedam
352 964 450 1043 leges,
472 976 503 1024 et
524 964 720 1024 ineluctabile
736 983 837 1024 rerum

28 1104 29 1109 ,
131 1048 257 1122 Foedus,
277 1049 389 1126 stipsi
409 1050 484 1109 adeo
504 1050 571 1108 iura
592 1050 750 1109 tremenda
768 1049 853 1109 Iovi:

96 1132 173 1209 Quae
194 1135 249 1194 tibi
272 1135 431 1207 crescenti,
451 1136 628 1213 coeptisque
650 1135 824 1212 ingentibus
843 1134 976 1194 obstant

130 1220 176 1278 Ah
198 1221 345 1292 sinerent,
365 1239 443 1296 quae
464 1221 548 1294 laus,
566 1228 681 1295 quanta
698 1221 816 1279 futurus
842 1224 926 1280 erret

95 1301 196 1362 Verum
217 1304 369 1382 primitiae
391 1305 486 1365 nostri
509 1324 590 1364 nunc
607 1305 662 1364 illa
682 1305 806 1378 laboris,

131 1389 169 1447 Et
187 1408 308 1449 messes
331 1399 497 1468 properant
517 1409 605 1449 urere
627 1410 722 1450 saeva
738 1409 834 1449 mess.

96 1471 206 1533 Interea
224 1475 425 1550 quodcunque
444 1494 513 1535 meo
535 1476 573 1533 de
595 1494 720 1535 munere
741 1484 847 1548 restat,

132 1558 175 1632 Id,
195 1560 326 1632 invenie,
351 1559 434 1618 laudi
457 1560 573 1620 serviat
592 1580 683 1620 omne
704 1569 785 1619 tuae.

96 1642 204 1721 Ingenii
224 1644 323 1718 dotes,
346 1664 433 1704 mens
454 1645 681 1705 consultissima
703 1663 815 1717 rerum,

131 1729 169 1787 Et
187 1729 355 1807 castigatae
379 1731 426 1790 rie
447 1730 573 1788 rationis
596 1730 662 1801 erit,

97 1810 251 1891 compositi
272 1823 389 1892 gestus,
413 1824 443 1873 et
465 1822 584 1873 torrens
607 1815 694 1891 copia
710 1814 806 1886 fundi,

129 1899 167 1958 Et
188 1901 267 1958 bene
288 1919 344 1976 pro
361 1899 489 1977 trepidis
511 1899 617 1978 lingna
637 1899 751 1960 diserta
768 1899 840 1959 reis.

96 1981 145 2045 His
164 1993 195 2042 tu
218 1984 382 2062 praesidiis
403 1986 528 2059 quaevis
550 1985 620 2044 fora
641 1993 724 2044 tutus
744 1984 833 2044 obito.

129 2069 201 2147 Ipsa
222 2070 387 2147 patefaciet
408 2068 502 2129 Curia
523 2089 635 2148 magna
657 2072 752 2142 fores3

97 2149 204 2214 Doctus
225 2156 370 2214 honorato
390 2154 484 2212 Pater
502 2163 535 2213 ut
556 2164 588 2214 te
610 2156 742 2234 gaudeat
764 2154 848 2227 olim,

131 2240 168 2298 Et
189 2240 271 2298 docti
288 2239 390 2299 Patris
413 2241 548 2298 maxima
567 2249 668 2299 castra
688 2242 798 2298 forum.

100 2319 216 2383 Cretera
235 2325 514 2385 Fatorum'fuerint
537 2325 593 2383 tibi
614 2325 680 2383 iure
701 2331 828 2402 negatas

131 2409 294 2469 Parcarum
316 2409 419 2469 invitis
440 2410 559 2488 legibus
583 2411 644 2468 ista
666 2410 757 2468 feres.

100 2487 156 2553 Non
176 2495 233 2554 tibi
252 2494 370 2571 plebeia
392 2495 519 2555 sordent
540 2494 693 2552 natalibus
714 2500 808 2564 ortus,

133 2578 196 2639 Noc
218 2580 337 2639 levibus
359 2580 453 2639 titulis
479 2586 526 2638 est
547 2588 600 2637 tua
620 2578 697 2636 fulta
719 2577 834 2636 domna.

101 2659 157 2737 Illa,
177 2666 367 2725 Parieiacam
389 2673 528 2742 regerent
551 2664 604 2740 qui
625 2663 743 2741 legibus
766 2663 883 2733 urbem,

135 2748 304 2826 Purpureos
327 2750 445 2827 peperit
464 2757 587 2826 pectora
611 2748 698 2806 docta
716 2748 836 2807 Patres.

103 2827 163 2893 Inde
185 2836 393 2913 magistratus,
417 2842 447 2893 et
468 2834 631 2911 splendida
651 2834 783 2906 nomina,
807 2834 946 2902 honores,
1002 2830 1007 2841 '

138 2917 282 2995 Claraqua
304 2922 342 2978 ab
364 2920 523 2978 innumero
546 2919 646 2997 gloria
666 2919 762 2996 fulget
783 2936 849 2975 avo.

106 2997 238 3082 Quaeque
261 3006 344 3064 venit
364 3006 459 3064 uirtus
483 3004 577 3063 multo
599 3004 740 3080 quaesita
761 3002 874 3072 labore,

139 3087 268 3169 Legibus
287 3089 401 3167 incepit
422 3089 579 3166 sanguinis
603 3106 673 3148 esse
692 3096 752 3146 tua.

108 3166 192 3243 Quare
213 3194 282 3252 age,
303 3175 371 3233 dum
394 3174 494 3233 famae
514 3174 613 3251 plenis
634 3180 724 3250 potes
745 3171 846 3230 omine
865 3166 943 3228 velis

140 3255 252 3338 Ingenii
271 3278 400 3338 magnos
423 3259 607 3336 explicuisse
628 3258 731 3317 sinus:

43 3370 44 3373 ¹
108 3332 130 3409 l,
144 3341 267 3417 iuvenis,
287 3345 343 3404 tibi
364 3353 508 3422 provecto
528 3344 588 3401 iam
609 3342 708 3401 landis
730 3342 761 3398 in
780 3339 875 3397 altum

44 3450 45 3483 i
142 3424 298 3506 Temperet
319 3439 351 3488 ut
373 3448 478 3489 cursus
500 3447 574 3487 aura
595 3426 730 3488 secunda
746 3433 831 3484 tuos:

111 3500 197 3586 Teque
220 3515 294 3574 olim
314 3515 406 3592 patrii
427 3513 553 3573 miretur
573 3522 605 3570 nt
627 3511 700 3571 ordo
726 3507 831 3569 Seueri

146 3591 289 3661 Celtarum
309 3619 419 3678 magno
439 3617 554 3676 ponere
576 3598 642 3656 iuru
664 3596 740 3655 foro.

784 3691 817 3765 e·
