2586 4214
659 357 811 452 geg—

320 527 508 597 Foemineis,
531 525 652 601 inquis
675 534 723 584 eet
745 526 902 584 diuturnus
924 544 1017 585 amor.
1049 534 1052 541 '

279 614 383 690 Turpe
404 631 480 689 puer
502 610 670 668 catamitus.
694 611 731 670 In
753 612 813 670 hoc
834 610 908 668 mihi
930 611 1074 691 displicet
1095 612 1149 671 illa

321 696 521 757 Praematura
541 696 668 754 horrens
691 695 795 754 invida
815 698 896 772 pube
917 697 1005 755 cutie.

280 867 378 944 ζ(85)
567 859 657 922 isene
683 860 902 941 μελισταγέων.

279 952 397 1030 Tange,
421 949 521 1023 Calin,
542 949 603 1007 mel
623 948 701 1019 oris,
725 949 830 1007 habes.
852 948 988 1026 Mnlgere
1012 948 1096 1022 licet,
1118 968 1173 1008 nec

321 1036 442 1096 Invidia
464 1043 520 1095 eet.
543 1033 667 1093 Utinam
688 1041 720 1092 tu
741 1034 823 1109 quod
844 1052 888 1106 ee,
910 1035 977 1109 ipse
998 1034 1114 1094 forem!

281 1206 377 1282 ((86)
411 1230 414 1237 ²
499 1197 621 1282 Ἱμερτὴ
646 1195 751 1282 Μαρίη
777 1199 982 1280 μεγαλίζεται.

280 1292 308 1352 0
333 1287 493 1365 quamius
517 1305 612 1363 penes
637 1294 695 1360 est,
719 1295 749 1345 et
769 1306 841 1345 cura
861 1286 1024 1346 retundere
1042 1290 1149 1364 faetus,

322 1375 433 1433 Elaeae
452 1368 568 1430 Mariae
590 1380 725 1446 pectora,
751 1372 831 1444 diva,
853 1390 970 1447 preme:
1001 1400 1002 1405 ¹

280 1459 352 1519 Non
374 1465 407 1515 ut
426 1465 521 1514 morte
541 1456 606 1513 luat
627 1476 757 1533 poenas,
780 1458 835 1516 sed
856 1457 967 1515 vertice
991 1466 1055 1517 toto

325 1542 453 1615 Caneat,
475 1550 506 1599 et
525 1559 632 1617 corpus
657 1561 734 1620 ruga
758 1541 865 1601 senilis
887 1550 961 1599 aret.

281 1628 403 1707 Exigite
427 1648 446 1686 ο
471 1627 543 1685 cani·
559 1626 752 1685 lacrimarum
774 1627 894 1686 nomine
915 1644 1049 1703 poenaez

321 1716 362 1773 Et
383 1713 502 1789 culpem
525 1712 631 1788 culpae
655 1713 776 1773 conscia
795 1713 895 1771 forma
916 1713 990 1770 luat.

282 1884 379 1960 ((e7)
530 1875 689 1960 Δακρύεις,
711 1876 832 1939 ἐλεεινὰ
851 1879 964 1944 λαλεῖς.

280 1969 375 2028 Flens
395 1966 544 2041 loqueris,
555 1964 708 2038 lacrimae,
719 1974 833 2024 temere
850 1965 976 2042 aspicie,
990 1965 1088 2024 ureris
1110 1971 1192 2027 aestu

326 2052 490 2127 Zelotypo,
511 2057 664 2122 attrectas,
687 2050 794 2109 ascula
816 2051 922 2109 crebra
944 2051 1032 2121 serie.

281 2137 370 2197 Istud
390 2154 492 2193 amare
513 2134 635 2210 quidem
658 2144 719 2193 eet:
740 2135 782 2208 id,
804 2155 853 2193 me
874 2136 1003 2209 dicente,
1029 2143 1137 2213 parata

325 2220 411 2293 Sum,
431 2238 499 2279 cum
521 2220 708 2293 dissimulas,
732 2241 791 2279 non
809 2221 841 2278 id
860 2220 991 2279 amantis
1014 2221 1120 2280 haben.

286 2391 382 2468 (pe)
577 2382 687 2465 Mene
711 2386 772 2466 ep
799 2388 916 2470 perier.
1273 2358 1274 2421 i

281 2477 396 2537 Malum
421 2494 488 2552 ego,
508 2493 557 2533 me
577 2474 649 2532 ieeit
666 2475 719 2550 qui
738 2484 768 2534 te
790 2476 880 2551 perit.
903 2493 1003 2535 annue
1024 2475 1140 2534 amanti

325 2560 514 2637 Xanthippe.
537 2568 676 2619 nostrum
697 2561 756 2619 flos
776 2561 933 2637 utriusque
955 2560 1045 2636 perit.

284 2730 381 2807 ζ(89)
566 2721 627 2786 Τὸν
651 2730 783 2806 σιγῶντα
805 2726 939 2789 Φιλαινὶ.
979 2792 982 2796 ,

283 2814 396 2875 Arcani
415 2822 517 2873 mutus
539 2813 628 2872 testie
650 2814 700 2871 fae
719 2815 822 2872 lumen
844 2815 925 2875 olivo
955 2857 958 2861 .

327 2899 374 2962 sit
395 2910 490 2973 eatur,
512 2906 543 2956 et
564 2899 664 2974 prodi,
684 2901 775 2959 chara
795 2899 947 2969 Philaeni,
968 2899 1064 2957 forae.

282 2985 364 3046 Nam
390 3004 460 3045 ecee
478 2985 554 3044 rivis
577 2985 709 3060 spectari
730 2985 859 3044 testibus
880 2983 945 3044 odit

327 3070 420 3132 Solus
442 3072 544 3129 Amor.
567 3068 616 3127 Tu
635 3089 710 3128 mcx
730 3070 820 3142 obde,
844 3069 996 3141 Philaeni,
1018 3068 1129 3126 forem.

285 3240 381 3317 ((90)
565 3231 629 3303 Nc}
653 3235 731 3316 ἱερὴ,
751 3236 802 3297 καὶ
819 3235 923 3320 λύχνε.

282 3325 404 3402 Nempe
425 3324 515 3381 ambo
538 3323 655 3382 alterno
676 3324 843 3383 iuravimus
865 3323 971 3383 ordine
991 3329 1124 3399 pactam,

326 3409 431 3469 Tentis
454 3409 514 3467 eris
532 3416 564 3465 tu
584 3406 666 3480 Nox,
687 3416 779 3484 tuque
801 3409 951 3481 Lucerna,
969 3408 1071 3467 fidem.

283 3494 326 3555 Ut
343 3493 443 3553 neutri
460 3500 599 3551 nentrum
620 3494 668 3552 fas
689 3503 773 3554 eneet
792 3493 910 3567 fallere,
931 3493 1016 3552 nobie

327 3578 484 3651 'festibun
507 3586 632 3654 accepta
651 3587 710 3653 eet,
733 3589 763 3638 et
782 3579 853 3637 data
872 3579 1012 3654 utrinque
1032 3577 1121 3637 fides.
