2532 4216
444 444 446 447 .
489 353 640 450 ΔΞ.

114 519 172 581 Sed
191 523 268 581 comi
287 542 348 581 non
369 523 416 581 fos
441 524 551 583 alionis
574 524 704 584 uultibus
729 525 843 602 illud[,]

152 607 241 683 Quod
265 608 355 666 comit
375 608 480 668 Pietas
503 609 634 667 cultibus
656 610 727 686 ipsa
745 612 819 670 suis.

284 776 331 834 19.
375 781 413 835 In
433 779 555 854 Elegiae
579 778 714 836 Danielis
733 779 856 838 Heinsii.

110 858 201 921 Peste
223 863 437 937 sophistarum,
462 863 595 937 seolique
617 861 721 919 afflata
739 882 870 938 veneno,

149 945 304 1004 Pieridum
326 947 458 1005 invisum
479 949 567 1005 turba
585 946 710 1022 reliquit
731 948 863 1007 humum.

13 1036 15 1087 l
41 1064 58 1083 .-
111 1028 149 1086 Et
168 1032 224 1089 tibi
241 1040 328 1109 grate
346 1040 448 1090 tumen
473 1033 591 1108 coeptis
615 1031 793 1105 audaeibus,
816 1034 939 1108 Heinsi,

150 1115 187 1174 In
209 1118 309 1176 media
329 1125 455 1194 surgunt
473 1118 608 1175 earmina
625 1117 781 1176 barbaria:

13 1170 14 1231 l
113 1198 206 1275 Queis
228 1221 284 1261 suu
304 1211 475 1280 postponet
492 1221 580 1277 quem
602 1202 727 1279 protulit
747 1202 875 1263 Umbria
894 1212 996 1264 vates:

151 1286 191 1344 Et
210 1307 289 1362 quse
308 1288 455 1364 Pelignus
477 1287 589 1345 dixerit
612 1305 682 1346 esse
705 1306 777 1346 suut

111 1368 179 1428 Non
201 1373 276 1430 seoli
297 1373 372 1433 vitio
395 1373 511 1449 primos
535 1373 758 1431 moriturusub
782 1382 877 1446 ortus,

152 1454 212 1515 Sed
231 1458 335 1516 doctas
354 1458 434 1515 inter
451 1458 553 1515 vivere
575 1467 657 1515 certa
679 1476 797 1517 munus.

114 1538 228 1599 Grutior
249 1551 282 1599 ut
300 1561 430 1617 nemque
451 1550 498 1601 est
520 1562 610 1617 quam
624 1560 702 1618 quas
713 1562 767 1600 ver
780 1543 888 1609 edupat
902 1543 1023 1617 almum,

154 1627 239 1702 Quae
256 1627 358 1686 medio
381 1627 513 1685 Brumae
533 1628 632 1686 sidere
652 1635 725 1684 neta
746 1646 817 1686 rosa
837 1637 897 1686 est:

115 1706 163 1769 sic
182 1713 282 1789 magis
304 1714 353 1770 hio
373 1713 486 1784 foetus,
509 1731 598 1786 quem
619 1730 694 1789 quos
714 1719 801 1770 vetus
822 1712 915 1770 edidit
927 1721 1024 1785 setas,

152 1797 302 1857 Virtutum
326 1799 382 1855 hoo
404 1796 500 1856 sterili
519 1805 655 1873 tempore
679 1803 783 1872 grauis
807 1796 871 1857 erit.

268 1965 319 2024 20.
360 1968 399 2022 Iu
418 1966 558 2023 Poemuta
578 1966 726 2023 Dominiot
746 1966 868 2023 Raudii.

115 2047 147 2110 Si
167 2070 244 2126 quos
267 2058 315 2111 est
337 2050 420 2121 olim,
441 2049 550 2123 Boudi,
574 2051 683 2108 miratu
704 2057 841 2109 vetustas
926 2088 932 2099 ·

151 2135 301 2194 Dulcibus
322 2135 486 2213 implentes
510 2135 599 2194 doctu
613 2137 733 2194 theatra
751 2135 860 2207 modis,

113 2220 223 2281 Emissi
245 2222 379 2279 tenebris
403 2227 472 2296 post
492 2221 596 2279 seoulu
617 2221 712 2278 multa
734 2228 842 2296 poetae

151 2306 251 2383 Elysii
276 2305 414 2380 linquent
435 2304 548 2363 blundo
569 2307 667 2365 vireta
686 2304 753 2376 soli,

113 2390 288 2469 Ingeniique
310 2392 353 2448 tui
375 2390 478 2448 lelieiu
500 2391 630 2467 pignora
653 2400 774 2449 sumant

152 2477 281 2548 Versus,
303 2495 378 2553 quos
402 2474 491 2534 hilari
508 2495 570 2534 non
591 2476 653 2533 nisi
672 2476 768 2532 fronte
787 2473 904 2551 legent:
1061 2538 1063 2544 Α

114 2559 179 2620 Hos
199 2562 276 2619 ratio
292 2562 468 2619 alterutrum
492 2561 622 2638 subiget,
645 2560 693 2627 uel
715 2567 873 2634 utrumque
895 2558 995 2629 fateri,

154 2645 194 2706 Se
213 2647 357 2711 didicisse
380 2655 462 2718 tuos,
486 2654 516 2702 te
540 2645 683 2704 docuisse
706 2662 789 2703 suos.

330 2812 379 2874 21.
422 2817 462 2873 Iu
480 2817 551 2873 Iani
572 2815 693 2871 Doueoe
712 2815 805 2871 Eobo.

114 2898 182 2957 Non
202 2900 269 2959 solu
288 2902 442 2959 Aonidum
464 2899 664 2957 blandissima
684 2900 773 2956 turbu
793 2897 937 2957 Sororum

154 2984 257 3044 Certat
279 2986 319 3043 ud
344 2985 534 3060 obsequium,
559 2984 691 3041 maxime
712 2983 828 3055 Dousu,
848 2991 941 3041 tuum.

114 3070 204 3128 Addit
227 3089 261 3129 se
286 3071 438 3142 comitem,
459 3069 650 3146 trepidisque
672 3069 846 3144 supervenit
865 3067 975 3137 Echo,

154 3153 226 3215 Sive
249 3157 325 3213 haee
348 3156 482 3226 ambitio,
503 3173 558 3212 seu
575 3153 698 3230 pietatis
723 3172 812 3230 opus.

13 3254 14 3263 ¹
115 3236 185 3298 Sola
206 3241 262 3299 tibi
284 3241 438 3317 tacitoque
460 3246 550 3319 tuest,
571 3239 758 3313 loquiturque
778 3236 926 3311 loquenti,

154 3326 202 3383 Ad
224 3325 339 3384 domini
361 3344 449 3383 voees
471 3332 613 3400 prompta
635 3322 775 3380 ministra
796 3323 854 3394 sui,

113 3408 289 3469 Immortsle
311 3411 407 3469 saeris
426 3409 615 3483 respondens
639 3425 761 3465 carmen
785 3406 824 3463 ab
847 3407 953 3477 antris,

154 3495 242 3570 Quae
265 3514 333 3553 eum
355 3495 458 3553 Pierio
483 3494 595 3551 struxit
619 3491 729 3569 Apollo
749 3491 854 3549 choro.

116 3577 193 3654 Quid
215 3600 276 3638 non
300 3581 446 3653 divinum,
468 3578 540 3654 quid
561 3597 619 3637 non
642 3574 795 3635 laudabile
814 3577 896 3634 dicat
