2560 4216
626 397 777 492 *Ξῖ-0-

285 564 359 625 Non
385 565 487 639 alium,
507 586 595 649 quam
617 586 677 640 me,
701 568 791 627 docta
812 566 914 640 ferire,
934 587 1050 643 precor.

244 650 298 713 Sin
319 651 444 725 morior,
465 659 559 711 testes
581 671 619 710 en
639 653 715 711 istas
737 653 841 728 linquo
863 653 983 712 lituras:

287 737 439 812 Quantum
461 736 610 795 homicida
630 745 745 814 potest,
767 737 881 817 aspicis
904 738 1030 815 hospes,
1054 743 1150 800 Amor.

245 905 340 982 ((28)
495 898 538 963 Ἐἰ
562 901 688 986 φιλέεις,
709 903 749 985 μὴ
773 903 912 985 πάμπαν.

244 991 391 1067 Quisquis
413 1008 509 1062 amas,
530 1009 604 1048 cave
627 991 669 1049 sis
692 990 809 1049 deiecto
830 1002 951 1068 pectore
970 992 1096 1068 fractus,

286 1074 480 1152 supplicibus
503 1075 607 1134 solvas
628 1075 740 1135 flebilis
763 1095 817 1134 ora
839 1075 944 1134 modis,

242 1161 397 1237 Propositi
418 1160 512 1238 solidi
531 1160 585 1218 tibi
605 1179 675 1217 eura
698 1162 748 1234 sit,
768 1171 798 1218 et
816 1161 871 1219 tibi
894 1171 1035 1222 constent

253 1264 255 1275 ’
285 1241 416 1303 Lumina
442 1253 597 1304 contracto
620 1263 712 1321 parca
737 1246 906 1322 supercilio.

127 1368 134 1381 ·
242 1328 324 1389 Nam
347 1330 437 1388 nimis
460 1330 555 1388 elatos
577 1331 743 1391 contemnit
764 1331 896 1389 foemina
917 1330 1027 1403 fastus,

285 1416 325 1473 Et
346 1414 436 1472 nimis
457 1414 606 1472 abiectum
628 1415 707 1472 ridet
727 1416 824 1473 amica
846 1416 952 1474 virum.

242 1499 300 1557 Ille
323 1499 438 1576 peritus
458 1500 524 1571 erit,
547 1499 715 1575 quicunque
736 1501 812 1560 haec
832 1501 949 1573 miscet,
969 1508 1102 1561 amator:

284 1585 325 1643 Et
343 1584 463 1643 modico
485 1583 517 1641 in
539 1584 621 1643 fastu
646 1593 769 1660 pectora
791 1587 887 1644 fracta
907 1585 994 1663 gerit.

244 1753 337 1831 (tte)
436 1747 577 1832 Χρὺσεος
598 1748 768 1833 ducturam
793 1749 962 1833 διέτμαγεν.
1068 1793 1070 1796 >

242 1842 362 1898 Aureus
385 1839 491 1896 intacti
512 1839 671 1897 temeravit
692 1838 793 1896 vincla
811 1838 932 1914 pudoris
954 1844 959 1853 ‘

284 1924 411 2000 Iupiter,
432 1933 465 1980 ut
486 1923 610 1981 Danaes
633 1942 723 1981 aerea
746 1931 826 1982 tecta
849 1924 939 1982 subit.

242 2008 359 2067 Fabula
379 2007 424 2066 sic
441 2007 583 2083 loquitur,
609 2027 656 2065 me
677 2008 784 2066 iudice.
804 2009 918 2067 Ferrea
941 2016 1029 2083 septa

287 2092 489 2168 Omnipotens
510 2111 626 2165 aurum,
647 2092 779 2168 duraque
802 2092 903 2152 vincla
926 2092 1040 2151 domat.

242 2176 309 2236 Hoc
331 2177 390 2235 hoc
410 2196 520 2253 nempe
542 2196 638 2250 seras,
661 2179 717 2235 hoc
738 2197 835 2236 aenea
855 2168 987 2237 claustra
1007 2178 1154 2258 resignat,

284 2262 354 2320 Hoc
373 2261 486 2340 frangit
508 2263 617 2336 fastus,
640 2256 715 2321 dura
736 2264 851 2340 puella,
875 2273 950 2322 tuos.

242 2345 309 2405 Hoc
327 2348 456 2425 rigidam
478 2347 607 2407 Danaen
629 2348 764 2407 lentavit.
787 2350 813 2408 si
835 2349 902 2425 quis
923 2352 1052 2408 Amator

283 2433 356 2492 Fert
376 2434 518 2511 pretium,
538 2435 593 2493 tibi
615 2452 653 2491 ne
675 2434 835 2511 supplicet,
857 2435 939 2492 alma
960 2433 1077 2493 Venus.

243 2601 340 2678 ζ(30)
491 2596 551 2663 Τὸν
576 2600 709 2683 σοβαρὸν
732 2598 916 2681 Πολέμωνα.

242 2683 328 2759 Quod
349 2686 478 2746 Polemo
501 2687 554 2747 ille
566 2688 650 2760 facit,
672 2686 818 2765 Glyceres
838 2688 890 2763 qui
903 2687 1040 2766 coniugis
1055 2690 1155 2747 aufert

284 2771 321 2833 Iu
345 2790 437 2830 scena
458 2773 567 2846 crines,
589 2773 678 2831 docte
699 2773 875 2846 Menandre,
898 2781 966 2831 tna:

242 2854 312 2915 Hoc
334 2876 429 2916 novus
451 2858 580 2916 instituit
599 2857 726 2916 Polemo
750 2877 845 2918 meus.
867 2858 918 2916 ille
933 2857 1135 2919 Rhodanthes

285 2941 402 3000 Audaci
425 2943 521 3002 cultas
544 2943 669 3002 abstulit
689 2963 787 3021 ungue
810 2962 924 3003 comas.

241 3024 425 3087 Criminibus
449 3029 572 3106 tragicis
594 3029 720 3086 mutavit
741 3029 857 3086 comica
878 3030 968 3099 facta,

284 3112 401 3170 Inflixit
422 3122 544 3171 tenerae
567 3115 694 3171 uerbera
716 3131 808 3172 saeva
829 3114 898 3171 cuti.

242 3198 291 3258 Ah
313 3198 412 3257 scelus
435 3199 605 3276 indignum!
629 3207 749 3257 nostros
773 3199 917 3257 miserata
938 3197 1059 3257 dolores

285 3282 373 3358 Quod
393 3291 507 3342 tantum
530 3283 651 3341 admisit
668 3290 753 3359 turpe
774 3283 879 3360 puella
895 3282 1004 3341 nefas?

241 3367 322 3427 Proh
343 3367 440 3426 dolori
465 3368 705 3445 exsculpensque
729 3369 833 3428 oculos
853 3368 996 3427 radicitus
1019 3368 1111 3428 ambo

284 3451 421 3510 Invidiae
440 3453 586 3511 informes
607 3453 692 3510 duxit
711 3454 743 3511 in
764 3457 816 3512 ore
838 3463 937 3513 notas.

241 3534 276 3597 si
298 3544 399 3594 tamen
417 3538 444 3596 is
466 3538 558 3595 fuerit
577 3537 784 3597 Misumenos:
808 3547 856 3597 ast
877 3558 932 3615 ego
953 3544 1057 3595 contra

285 3620 451 3698 Dyscolos,
473 3622 625 3698 aspiciens
648 3641 704 3681 nec
724 3622 980 3682 Periciromenen.
