2502 4218
662 341 815 437 -ι-ιο-

275 500 421 573 Ἂπαντα
445 510 509 574 τοῖς
530 508 668 569 καλοῖσιν
688 505 817 590 ἀνδράσι
841 504 961 589 πρέπει.

274 585 421 654 ’Άπασαν
445 589 658 676 ἠμφιεσμένος
679 591 732 674 τῆν
754 589 872 654 ούσίαν.

278 674 401 738 ”Απιστ’
425 673 528 758 ἀληθῆ
552 674 655 738 πολλὰ
678 671 838 759 συμβαίνει
858 673 989 758 βροτοῖς.

279 758 464 822 Ἀπύλωλεν
488 757 522 827 ύς
544 782 606 842 μοι,
626 759 678 821 καὶ
699 760 858 835 τάλαντον,
879 758 932 820 καὶ
949 758 1055 841 γάμος.

280 842 523 912 Ἀπυνδάκωτος
545 844 582 907 ού
605 847 809 927 τραπεζοῦται
830 841 926 911 κύλιξ.

289 929 466 997 Απώλεσας
486 929 536 991 τὸν
559 927 641 991 οἶνον
662 926 788 1012 ἐπιχέας
810 927 905 1009 ύδωρ.

280 1011 458 1098 Ἂραχνίων
484 1012 595 1096 μεστὴν
619 1011 702 1098 ἔχεις
722 1014 775 1093 τῆν
798 1010 941 1105 γαστέρα.

279 1098 394 1181 Ἀρετὴ
420 1099 550 1182 βραδεῖα
573 1098 723 1180 σύντομος
743 1096 886 1180 πονηρία.

275 1180 413 1265 Ἄρκτου
436 1180 595 1265 παρούσης
617 1180 700 1267 ἴχνια
722 1183 820 1263 ζητεῖν
842 1180 952 1246 δοκεῖς.

278 1266 412 1348 ’Άρτοος
436 1266 467 1334 ἐς
490 1264 578 1328 ῖπνον
600 1267 719 1349 ψυχρὸν
742 1265 906 1350 ἐμβάλλειν
931 1263 1043 1330 δοκεῖς.

280 1347 492 1434 Ἀρχαιύτερα
514 1354 568 1432 τῆς
589 1349 739 1432 διφθέρας
760 1350 833 1417 Διὸς
849 1347 962 1430 λέγεις.

172 1508 176 1519 1
276 1435 406 1518 ’Άρχων
431 1433 526 1496 ἄκουε
549 1434 600 1497 καὶ
622 1434 748 1502 δικαίως
767 1433 909 1518 κβδίκως.
995 1484 997 1487 .

277 1519 429 1601 Ἄτηκτος
450 1517 615 1602 ἄνθρωπος
632 1519 898 1601 προσηγορήμασι.

278 1602 475 1687 Ἀτυχοιῖσαν
500 1603 609 1686 ἀρετὴν
632 1602 790 1686 περιορᾷν,
810 1603 1044 1687 σχετλιώτατον.

282 1686 478 1770 Αύθαίρετος
499 1687 579 1772 λύπη
603 1685 675 1750 ’στὶν
699 1688 718 1770 ῆ
743 1686 856 1750 τέκνων
880 1685 990 1770 σπορά.

282 1773 370 1856 Αύτη
393 1795 430 1854 γε
449 1776 592 1857 χρηστῶν
617 1772 696 1834 ἐστὶν
720 1772 840 1854 ἀνδρῶν
859 1773 879 1853 ῆ
904 1769 1004 1838 νύσος.

282 1857 369 1940 Αύτη
395 1857 449 1939 μὲν
473 1858 492 1938 ἡ
519 1856 666 2002 μήρινθος
689 1856 780 1918 οὐδὲν
806 1854 932 1918 ἔσπασε.

282 1940 381 2006 Αύτοὶ
399 1942 542 2025 χελώνας
583 1939 692 2003 σθεσθ’
718 1939 805 2023 οίπερ
829 1939 937 2003 εἵλετε.

280 2024 384 2089 Αὐτὸν
407 2023 575 2106 κέκροοκας
593 2026 646 2087 τὸν
672 2025 790 2108 βατῆρα
806 2028 859 2107 τῆς
878 2024 985 2107 θύρας.

282 2109 386 2175 Αὐτὸς
406 2107 463 2192 γὰρ
489 2106 577 2191 εύρες
600 2113 654 2170 τοῖν
675 2113 772 2171 κακοῦ
792 2109 845 2191 τὴν
867 2110 984 2172 πιτοάν.

281 2193 385 2260 Αύτὸς
405 2193 543 2274 κάμινος,
565 2193 657 2259 αύτὸς
675 2192 800 2254 είλκοσε
820 2215 884 2277 τρο·
899 2192 941 2260 ύς.

280 2277 386 2344 Αύτὸς
408 2277 560 2346 πενωθεῖς
582 2282 645 2345 τοῖς
668 2274 776 2362 έχουσι
800 2278 841 2361 μὴ
866 2217 986 2361 γύθύνει.

280 2360 387 2429 Αύτύς
402 2385 430 2423 τι
450 2366 500 2424 νῦν
523 2362 604 2445 δρῶν
624 2361 690 2424 εἶτα
714 2362 903 2431 τοθςθεοθς
923 2364 1022 2425 κάλει.

279 2446 482 2531 Ἀφροδίσιος
502 2445 559 2530 γὰρ
585 2446 676 2529 ὅρκος
697 2446 754 2509 ούκ
773 2448 961 2531 ἐμποίνιμος.

282 2530 398 2602 Βάδιζε
418 2529 492 2614 βῆμ’
515 2533 625 2614 ῆραῖον
650 2530 911 2615 ἐμπεπλεγμένον.

281 2614 383 2679 Βάλλ’
408 2616 451 2682 εἰς
470 2612 583 2699 ἔχοντα
601 2617 655 2700 τὴν
680 2617 848 2700 ἐπιστήμην
873 2615 977 2700 βολῆς.
1035 2621 1039 2628 ’

281 2696 420 2784 Βέβληκ’
445 2697 613 2783 Ἀχιλλεὺς
632 2699 687 2763 δύο
711 2700 797 2787 κύβω
821 2700 1031 2784 καλτέτταρα.

280 2780 357 2851 Βίος
378 2784 446 2868 βίον
470 2783 618 2867 δεόμενος
641 2785 698 2849 ούκ
719 2784 783 2848 ἔστι
804 2785 879 2870 βίος.

279 2864 408 2951 Βλάβης
430 2869 577 2953 μαγείρου
601 2873 696 2946 τῖσον,
720 2870 866 2953 αὐλητὴς,
886 2868 983 2952 δίκην.

282 2951 305 3016 Γ
309 2954 366 3035 ελᾷ
387 2952 418 3015 δ’
440 2954 456 3016 ύ
478 2954 592 3037 μωρὸς,
614 2952 669 3037 νισζν
693 2976 721 3016 τι
742 2954 784 3037 μῆ
806 2956 927 3036 γελοῖον
949 2950 982 3037 γῆ.

280 3035 388 3105 Γέλως
414 3037 540 3121 ἄκαιρος
563 3040 660 3101 δεινὸν
683 3039 715 3100 ἐν
740 3039 861 3122 βροτοῖς
880 3036 984 3101 κακόν.

280 3118 304 3183 Γ
307 3122 473 3206 εράνδροον
497 3124 629 3186 παλαιὸν
653 3122 689 3184 ού
713 3122 909 3207 μοσχεύεται.

280 3204 416 3289 Γέροντα
439 3205 469 3269 δ’
496 3207 609 3290 ὀρθοῦν
634 3209 786 3291 φλαῦρον,
807 3206 841 3275 ὃς
860 3205 930 3273 νέος
951 3204 1043 3290 πέση.

279 3288 416 3375 Γέροντα
438 3292 534 3374 μηδὲν
557 3292 597 3374 μῆ
622 3313 698 3353 ποτε
717 3294 851 3376 χρηστὸν
873 3290 965 3353 ποίει.

279 3373 416 3457 Γέροντα
438 3376 488 3437 τὸν
512 3381 595 3451 νοῦν,
618 3375 718 3458 σάρκα
738 3375 764 3438 δ’
790 3377 918 3461 ἡβῶσαν
941 3374 1041 3460 φέρει.

280 3455 385 3541 Γέρων
410 3458 538 3542 ἀλώπηξ
560 3458 620 3542 ούχ
641 3459 800 3523 ἁλίσκεται
819 3460 914 3543 πάγη.

280 3540 386 3626 Γέρων
411 3541 465 3625 μὲν
487 3543 518 3605 ἐν
539 3540 640 3620 παῖσ’,
663 3544 694 3606 ἐν
718 3545 752 3608 δὲ
776 3547 839 3612 τοῖς
857 3543 983 3628 γέρουσι
1002 3547 1083 3611 παῖς.
