2502 4218
253 513 352 585 Adde,
373 513 482 611 quod'
474 532 632 591 ingenuae
645 518 755 576 mentia
777 536 840 575 non
863 516 970 575 ultime
990 532 1093 580 mores

295 599 422 659 Inter
398 617 534 658 emoeroe
559 603 691 674 proemia
712 603 828 660 eandor-
847 603 946 661 habet

255 682 336 743 cont
324 691 379 756 tra,
402 684 537 742 mordaoi
558 702 728 761 quenquam
749 687 936 765 distringere
950 688 1055 766 lingue

296 769 354 827 Est
374 769 467 826 animi
489 770 576 846 nigno
598 771 671 829 felle
691 772 848 830 madentis
863 790 951 848 opus.

253 851 348 911 Nulla
369 855 539 913 venenatis
546 855 660 915 salibus
682 857 737 915 tibi
755 857 866 934 pagina
888 858 984 915 tincta
1005 867 1063 932 eat,
1249 814 1250 939 l

296 937 365 997 Nee
385 939 468 997 dedit
485 940 614 1001 infames
634 941 740 1018 lingua
758 951 903 1017 proterva
917 943 1015 1003 ioeoet
1249 946 1250 985 l

254 1022 332 1096 Nec,
355 1043 432 1098 quae
451 1042 501 1083 ree
520 1044 596 1084 aevo
617 1046 679 1085 non
703 1034 751 1085 eet
773 1027 925 1104 incognita
949 1038 1068 1104 nostr-04

299 1108 492 1170 Strinxieti
484 1129 517 1166 ιι
540 1110 705 1170 celebres
697 1112 790 1185 nupia
812 1113 905 1170 verba
922 1112 1015 1173 viros.

254 1195 354 1253 Iuie
345 1193 437 1271 igitur
454 1194 617 1268 querimur,
638 1207 669 1253 te
687 1196 753 1254 iure
774 1197 919 1255 dolemus
931 1198 1112 1277 ademptum,

299 1279 408 1339 Omnis
430 1278 511 1335 etin
533 1288 646 1353 partem
668 1282 756 1339 turbe
775 1281 890 1340 doloris
910 1283 1007 1357 adest,

254 1366 294 1424 Et
313 1364 423 1421 miscet
441 1365 581 1440 gemitus,
605 1373 634 1422 et
659 1367 750 1425 verbe
767 1367 923 1440 querentia
943 1329 1053 1445 fundit,

298 1448 360 1505 Pro
383 1455 485 1521 tamen
510 1456 613 1523 erepto
636 1470 698 1508 non
724 1451 853 1508 valitura
874 1452 950 1509 ιιιο.

256 1534 316 1594 Ηιι
338 1533 419 1591 mihi
435 1551 523 1607 quam
545 1534 638 1592 aeleri
659 1543 762 1597 versat
778 1536 845 1594 fore
867 1537 969 1594 omnia
988 1538 1086 1614 lupen,

298 1617 395 1692 Quam
417 1617 522 1693 rapido
547 1620 662 1678 subitos
683 1620 795 1678 alterat
812 1623 887 1679 orbe
908 1622 1000 1683 vices

255 1704 298 1777 Ie,
320 1703 412 1762 modo
436 1721 524 1777 quem
545 1704 683 1763 validum
702 1705 808 1764 feeilee
831 1706 962 1779 vidistis,
984 1709 1084 1784 amini,

297 1790 337 1847 Et
360 1789 415 1846 ιιι
430 1808 488 1846 ιιι
510 1789 618 1849 dubius
640 1791 771 1849 tinxerat
791 1810 844 1848 ora
867 1791 965 1864 color,

254 1874 375 1934 Hune
367 1874 492 1949 1nopina
514 1876 615 1934 brevis
638 1875 716 1952 rapit
736 1876 928 1933 inelementia
946 1878 1057 1951 morbi,

297 1962 397 2032 Atque
420 1967 477 2030 est,
500 1960 582 2032 quod
602 1960 715 2018 feretro
734 1960 832 2018 triete
840 1960 957 2019 levatur
979 1980 1068 2022 onuei

256 2043 416 2105 Ofestina
436 2042 514 2113 dies,
536 2062 554 2101 o
580 2063 682 2102 rerum
700 2044 849 2103 lubrieus
857 2046 953 2104 ordo.

299 2128 326 2188 Ο
351 2127 476 2184 nimium
501 2146 631 2202 propero
653 2148 737 2188 mors
761 2129 896 2187 celerate
910 2131 1015 2208 gradu.

254 2216 305 2273 Me
323 2213 479 2285 miserum,
500 2231 560 2286 quo
582 2232 815 2288 nonnunquam
838 2216 970 2274 rediture
990 2217 1144 2296 relinquis.

297 2297 365 2356 Neo
389 2315 487 2372 prece,
507 2298 615 2356 votiva·
628 2318 685 2356 nee
704 2301 892 2359 revocandus
919 2302 997 2377 ope?

256 2385 302 2443 Te
322 2384 453 2441 retinent
474 2383 571 2441 civem
593 2385 714 2461 cognati
735 2385 838 2443 sidera
858 2385 944 2457 eaeli,

298 2470 338 2527 Et
359 2488 422 2526 non
442 2469 608 2526 turbandae
629 2470 712 2544 paeis
734 2471 830 2527 amieo
847 2471 944 2544 quies.

255 2556 324 2615 Noe
337 2550 438 2611 'habet
458 2553 490 2610 in
511 2555 614 2613 varios
632 2574 732 2613 rerum
755 2555 891 2613 distrieta
913 2556 1070 2628 tumultus,

296 2639 392 2713 Inque
414 2639 560 2698 eatenatie
585 2640 647 2698 vita
666 2641 812 2699 trahenda
832 2640 932 2698 malie.

255 2723 317 2782 Hic
335 2723 387 2780 ubi
409 2742 464 2780 neo
482 2725 613 2798 requies,
637 2744 693 2783 neo
713 2745 789 2800 quae
805 2725 864 2784 eibi
879 2724 1162 2801 quiaquepreeatur,

299 2807 514 2883 sollicitaeque
533 2809 636 2869 levant
657 2811 719 2869 otia
738 2811 848 2868 mentis
872 2828 959 2868 unua.

257 2894 328 2954 Otia
350 2893 504 2953 Pieridum
528 2896 622 2954 saeris
644 2895 826 2954 eeoeaeilaue
841 2903 921 2969 epta,
977 2920 981 2925 ⁴

299 2978 370 3039 Otia
392 2980 568 3039 numinibua
585 3000 704 3056 semper
724 2987 825 3039 amate
843 2980 915 3038 teia

254 3064 317 3123 Pro
339 3065 448 3139 quibus
470 3066 578 3123 insano
598 3066 726 3123 reboant
747 3061 903 3122 molimine
925 3064 1009 3136 lites,

298 3150 348 3208 Et
361 3149 476 3209 elamor
489 3150 625 3225 ιιιιιριιι
646 3156 734 3208 natus
755 3150 794 3207 ed
813 3168 897 3207 arma
917 3147 992 3208 fori:

257 3234 315 3310 Qui
337 3235 601 3309 proeulsAonidae
622 3233 780 3292 hominum
805 3234 844 3292 de
865 3241 966 3292 mente
987 3233 1103 3310 digerit

298 3320 463 3379 Inutillena·
474 3319 550 3377 lueri
571 3318 680 3377 blanda
701 3339 817 3378 venena
837 3319 899 3377 eiii:

255 3406 460 3482 Ingenuisque
477 3402 586 3461 animia
604 3404 729 3480 ignavae
751 3404 855 3464 obiicit
871 3411 962 3476 eries,

301 3488 401 3565 Seque
423 3506 537 3546 roenna
559 3488 683 3549 humilia
707 3490 839 3548 earmina
864 3488 974 3547 mentio
995 3505 1084 3564 opne.

256 3575 338 3634 Hine
359 3573 483 3649 spinosa
502 3573 566 3633 euie
589 3583 703 3634 armata
724 3573 896 3651 sophistica
917 3572 1006 3652 nugis
