2502 4218
422 409 573 504 -ια-

50 569 149 637 Πάλλ’
171 573 230 643 οἶδ’
252 574 391 659 ἀλώπηξ,
412 574 480 640 ἀλλ’
509 574 611 660 ἐχῖνος
633 573 665 637 ἓν
692 573 780 657 μέγα.

49 653 199 722 Πολλοῖσι
214 661 346 743 πληγαῖς
365 661 438 745 δρῶς
455 660 544 728 τέλος
566 657 744 742 δαμάζεται.

49 736 167 805 Πολλοί
186 765 220 806 σε
242 744 433 827 μισήσουσιν,
454 745 492 829 ἣν
516 745 627 808 σαυτδν
649 744 751 827 φιλῇς.

50 823 165 889 Πολλοὶ
188 829 350 912 στρατηγοί
371 826 490 914 Καρίαν
512 829 689 893 ἀπώλεσαν.

49 906 176 973 Πολλῶν
201 912 312 997 ἰατρῶν
336 911 458 982 εἴσοδός
478 913 509 997 μ’
534 914 706 976 ἀπώλεσεν.

50 989 216 1065 Πολλῶν,δ
240 997 329 1080 λιμδς
348 998 463 1080 γίνεται
484 998 678 1064 διδάσκαλος.
714 1038 717 1047 =

50 1073 134 1141 Πολὺ
152 1079 267 1166 χεῖρόν
280 1079 359 1145 ἐστιν
383 1078 521 1166 ἐρεθίσαι
540 1085 647 1166 γραῶν,
668 1081 687 1163 ἢ
710 1079 796 1143 κύνα.

51 1157 350 1250 Πολυπραγμοσόνης
373 1166 453 1230 ἕνεκ’
478 1168 522 1236 είς
540 1165 679 1249 κεφαλὴν
700 1162 836 1249 τρέποιτ’
861 1162 942 1248 ἐμοί.

52 1242 142 1331 Πρινή
165 1271 199 1311 σε
222 1248 294 1317 τοὺς
317 1250 406 1334 ἰχθῦς
427 1251 519 1327 ἑλεῖν,
545 1250 646 1333 ἅλμην
669 1252 773 1333 κυκᾷς.

52 1327 213 1417 ΠροβάτιυνΙ
235 1332 293 1417 γάρ
314 1333 404 1397 οὐδὲν
423 1335 441 1399 ὅ
467 1338 549 1410 ελος,
564 1334 601 1417 ἢν
624 1334 737 1417 ποιμὴν
761 1332 837 1417 ἀπῇ.

53 1411 215 1502 Πρυέλοιμι
238 1418 346 1483 δοῶναι
372 1424 416 1504 τῶ
437 1359 594 1503 ’ίελεγίρα
616 1419 734 1501 μᾶλλον
758 1415 804 1481 άν.

53 1495 131 1582 Πρὸς
150 1503 305 1586 κάππαριν
330 1507 395 1587 ζῇς,
419 1505 588 1589 δυνάμενος
608 1503 685 1586 πρὸς
701 1501 818 1565 ἀνθίαν.

53 1579 131 1667 Πρὸς
150 1587 253 1668 μάντιν
275 1586 377 1656 οὐδεὶς
402 1588 534 1674 εὐτυχὴς
556 1587 733 1670 ἀπέρχεται.

54 1665 201 1755 Πρότερον
225 1672 349 1755 χελώνη
371 1674 618 1757 παραδραμεῖται
642 1669 813 1748 δασύποδα.

53 1751 172 1835 Πρῶτον
193 1758 363 1841 κολυμβᾷν,
384 1757 527 1840 δεύτερον
551 1757 586 1818 δὲ
609 1754 783 1837 γράμματα.

54 1836 125 1921 Πδρ,
146 1839 197 1901 καὶ
219 1840 374 1916 θάλασσα,
395 1842 446 1904 καὶ
464 1840 550 1924 γυνὴ,
573 1836 653 1903 κακά
675 1836 753 1921 τρία.

52 1917 150 1984 Ῥάστ’
171 1921 239 1986 ἔστ’
262 1924 406 2007 ἀγροίκου
448 1926 559 2009 ήτορος
580 1923 793 2007 καταφρονεῖν.

53 1984 156 2069 Ῥδδον
176 2008 334 2091 παρελθὸν
356 1925 463 2093 μηκίτι
486 2010 568 2094 ζήτει
589 2009 690 2072 πάλιν.
791 2021 796 2028 ·

55 2088 164 2160 Σαίνεις
186 2093 353 2169 δάκνουσα,
371 2094 422 2157 καὶ
443 2093 524 2158 κύων
549 2093 706 2179 λήθαργος
729 2090 766 2154 εἷ.

56 2172 171 2259 Σαμίων
196 2177 213 2239 ὁ
237 2175 335 2260 δῆμός
356 2177 434 2241 ἐστιν
458 2182 500 2247 ῶς
522 2178 790 2261 πολυγράμματος.

55 2255 169 2343 Σαπρδς
189 2262 315 2346 τάριχος
334 2262 388 2344 τὴν
411 2262 551 2346 ὀρίγανον
575 2265 669 2347 φιλεῖ.

55 2339 165 2428 Σαυτην
189 2345 334 2422 ἐπαινεῖς,
354 2348 458 2431 ῶσπερ
478 2346 685 2430 Ἀστυδάμας,
709 2341 806 2426 γύναι.

55 2423 340 2534 Σαφίστερόνπιυς,
362 2429 592 2516 κᾴμαθίστερον
615 2430 743 2514 φράσον.

56 2507 168 2598 Σκυλλη
189 2513 372 2599 περιέπεσον
392 2515 446 2599 τὴν
464 2513 622 2621 Χάρυβδιν
645 2512 796 2594 ἐκφυγών.

57 2594 175 2681 Σκῶληξ
196 2599 364 2683 παράσιτος
385 2605 444 2663 τῶν
468 2600 602 2685 ἐχοντιυν
625 2595 742 2661 οάσίαν.

43 2678 148 2766 ’Σοφοὶ
168 2683 311 2768 τύραννοι
329 2687 389 2747 τῶν
413 2690 519 2769 σοφῶν
543 2681 699 2765 συνουσία.

57 2762 187 2850 Σπείρειν
209 2768 244 2829 δὲ
268 2769 358 2854 χειρὶ,
379 2769 420 2853 μὴ
442 2768 476 2831 δ’
504 2768 569 2854 θλιρ
591 2774 635 2854 τιγῖ
657 2765 794 2847 θυλάκῳ.

57 2845 94 2913 {b
115 2853 149 2916 δὲ
169 2854 368 2936 τιμιοπῶλης,
392 2857 434 2921 ῶς
453 2852 616 2939 Ἀχιλλεὺς
639 2849 714 2915 οὐδὲ
734 2849 786 2915 είς.

57 2929 94 2996 Σί
117 2933 154 3020 μ’
174 2934 207 2999 ῶν
230 2936 367 3006 ἀπαιτεῖς
389 2938 453 3002 ἀντὶ
472 2943 526 3022 τῆς
550 2941 645 3020 κακῆς
666 2932 765 3002 κυνός.

57 3016 145 3083 Σῶκον
170 3018 241 3104 μέτ’
266 3020 365 3106 ἰχθὺν,
390 3021 515 3106 ὄσπριον
537 3021 614 3104 μετά
635 3018 721 3103 κρέα.

57 3100 109 3166 Σδν
131 3110 175 3168 τ’
192 3105 232 3168 θε
245 3109 261 3123 ”
283 3109 343 3174 πᾶς
362 3107 413 3170 καὶ
439 3110 515 3190 γελοῖ
533 3104 713 3188 κῶδάρεται.

58 3131 205 3272 Συνῆλθον
225 3130 373 3275 ’θτταγᾶς
393 3214 426 3254 τε
447 3170 702 3274 καίΝουμηνιάς.

57 3268 77 3334 Σ
97 3274 165 3337 εδὸν
189 3277 339 3351 τοιοῦτον,
364 3276 455 3339 ὅσσον
478 3274 513 3337 ἐκ
534 3273 711 3339 Διονυσίων.

59 3295 99 3419 T}
119 3357 145 3420 δ’
170 3358 207 3433 οῤ
254 3358 308 3421 ὑπ’
331 3358 446 3436 ἄλλων,
476 3359 557 3423 ἀλλὰ
576 3362 638 3426 τοῖς
659 3357 759 3421 αὑτῶν
782 3357 915 3438 πτεροῖς.

59 3434 98 3503 T&
116 3441 221 3527 θῶματ
260 3443 363 3522 οὐδὲν,
384 3444 463 3527 πλὴν
486 3441 589 3526 γένεια
610 3442 661 3507 καὶ
681 3439 782 3525 κέρας.

59 3518 99 3587 Τὰ
116 3527 282 3612 πράγμαθ’,
298 3531 401 3613 ῶσπερ
425 3527 554 3612 Αἴσιμος
574 3527 755 3592 κυλίνδεται.

59 3602 100 3672 Τά
117 3612 211 3698 πρῶτ’
237 3612 379 3696 ἀρίστους
400 3615 514 3682 παῖδας
533 3611 633 3695 Αἴγιν’
657 3608 777 3695 ἔτρεφε.

700 3708 764 3770 10⁶
