2604 4210
510 346 660 441 Q

78 547 81 551 ·
132 515 245 577 Omnia
265 513 474 588 sodalemne,
497 524 619 593 tergens
641 517 720 575 freta
739 518 836 577 vitrea
856 518 943 581 coeli.
1016 564 1018 571 ,

402 685 529 743 Fauonii
545 686 685 760 suffimen,
710 696 763 744 tus.
999 688 1045 747 ab

131 768 306 845 Caelivaga,
328 768 481 846 undigena
502 770 635 842 flabella,
656 770 810 830 Favoniae
833 789 933 844 aurae,

131 856 158 915 0
182 855 353 912 levisomne
375 854 494 912 animae
515 855 654 914 solamen
674 855 746 913 mite
765 856 912 928 laborum,

129 940 261 1011 Vernae,
282 939 465 1016 gramineae,
485 948 626 1015 portuum
646 941 844 1018 cupidissima
865 959 947 1013 cura,

129 1020 262 1083 Navibu’
285 1031 454 1083 sternentes
474 1025 564 1083 itiner
585 1024 675 1084 molle
694 1044 766 1101 aera
785 1025 943 1098 blandum3
964 1090 966 1101 A

131 1111 270 1170 Obsecro
294 1128 350 1168 vos
371 1109 490 1185 placido
509 1111 663 1186 spirantes
685 1111 806 1169 flamine
829 1111 946 1184 adeste,

129 1195 250 1271 Acriac,
271 1194 399 1268 invisae,
419 1195 609 1270 levipennes‚
633 1196 820 1255 acriformes.

415 1364 519 1423 Austri
538 1366 676 1440 suffimen,
700 1376 753 1426 tus.
999 1365 1039 1424 81

129 1449 316 1524 Praecipites
338 1467 441 1521 aurae,
462 1458 617 1511 tranantes
640 1446 712 1508 aeri'
735 1451 849 1523 caulas,

129 1534 271 1608 Undique
293 1533 492 1610 pennipedes‚
512 1536 662 1612 vortigine
682 1543 824 1611 praepete
846 1543 985 1606 ovantes,

130 1619 238 1680 Gedite
261 1619 433 1677 nimborum
453 1627 563 1678 matres
586 1638 653 1676 cum
675 1615 839 1697 ingentibn'
863 1620 985 1678 nimbis.

130 1705 212 1764 Nam
231 1704 311 1762 Iovis
333 1704 390 1763 has
415 1705 503 1763 vobis
521 1704 618 1762 finivit
637 1705 669 1762 in
688 1723 757 1761 aere
777 1711 890 1779 partes,

131 1789 267 1851 Caelitus
285 1789 467 1866 imbriparas
490 1790 586 1849 nubes
607 1791 779 1863 permittere
801 1789 840 1846 ad
861 1789 932 1848 ima

130 1876 194 1934 Vos
218 1893 322 1950 precor
343 1874 452 1932 inferio
475 1875 533 1939 hoc
556 1882 691 1933 mactans
713 1875 858 1933 libamine
878 1873 988 1948 Divae,

131 1961 246 2018 Terrae
269 1960 358 2018 matri
382 1960 604 2037 frugiparentes
627 1959 737 2018 elicere
757 1960 881 2018 imbres.

371 2127 478 2186 Oceani
499 2131 640 2204 suffimen,
661 2139 802 2188 aromata.
1001 2129 1042 2190 82

132 2215 179 2272 Te
196 2234 326 2273 veneror
346 2221 434 2289 pater
451 2214 584 2287 oceane,
607 2215 790 2273 immortalis,
806 2213 904 2290 origo,

131 2297 327 2372 Naturaeque
339 2298 441 2356 Derim
462 2307 613 2371 aeternae,
635 2307 665 2357 et
685 2298 856 2357 mortalium
868 2299 1044 2370 homonum,

131 2382 192 2454 Qui
214 2383 384 2440 circunflnis
408 2383 543 2441 anfracta
564 2383 749 2442 ambarvalia
768 2391 878 2453 terrac,

131 2465 221 2528 Unde
244 2483 339 2542 genus
360 2467 531 2539 fluviorum,
552 2468 631 2525 unde
652 2473 681 2524 et
704 2465 923 2524 salimarmoris
946 2465 1045 2525 undae

132 2555 232 2625 Atque
256 2549 317 2606 alid
337 2551 368 2606 in
389 2557 471 2607 terra
489 2551 693 2609 scatebrarum
715 2550 850 2628 ignobile
869 2550 988 2629 volgus,

132 2637 179 2695 Te
197 2636 347 2695 Februum
371 2635 497 2694 lustrale
516 2654 660 2694 vocamus
682 2633 923 2713 (maligantium,

131 2722 217 2782 Finis
241 2719 370 2792 telluris,
389 2740 494 2797 margo
517 2720 635 2796 amplae
653 2720 771 2779 fornici’
791 2722 906 2793 mundi,

132 2807 203 2882 Huc
223 2805 359 2882 placidus
382 2807 487 2864 venias
511 2825 614 2865 sacrae
634 2806 807 2883 gratissime
828 2806 944 2865 turbae.

376 2977 480 3035 Vestae
499 2978 639 3051 suffimen,
659 2985 801 3034 aromata.
1003 2974 1045 3034 83

133 3061 251 3119 Incluta
270 3061 375 3134 Vesta,
397 3062 482 3120 senis
505 3060 628 3122 Saturni
648 3068 731 3119 casta
749 3077 894 3136 propago,

134 3146 220 3218 Quae
240 3146 331 3206 nimis
352 3146 523 3221 irrequietis
546 3148 640 3205 habes
662 3144 830 3204 meditullia
850 3144 1022 3215 flammae„

134 3230 240 3290 Hosce
260 3231 314 3291 tibi
334 3251 425 3310 puros
447 3240 583 3308 praestes
606 3231 644 3288 ad
667 3249 752 3293 sacra
769 3229 934 3300 ministros,

132 3316 306 3390 Florentes,
326 3320 415 3391 dites,
437 3325 609 3392 castosque,
632 3324 662 3375 ot
682 3322 807 3392 pectore
825 3333 911 3389 puro.

134 3399 204 3459 Huc
224 3401 298 3460 ades
318 3403 459 3465 oDivdm
479 3410 621 3463 constans
632 3401 810 3461 fulmentum
819 3398 1046 3474 hominumque.

133 3485 342 3562 Multipotens‚
367 3497 499 3561 aeterna,
520 3495 551 3547 et
574 3487 724 3560 amabilis,
745 3493 834 3562 atque
854 3484 1026 3562 opilormis‚

133 3571 250 3631 Ridens
272 3581 362 3648 atquc
382 3575 480 3648 beata,
503 3575 571 3635 fave
594 3572 801 3653 placidissima
823 3570 929 3643 sacris,
995 3620 998 3631 .
