2502 4218
627 342 778 437 —99—

246 508 287 568 Et
305 518 459 569 momenta
478 509 564 587 lyrae
585 509 695 570 fidibus
718 509 884 570 commissa
903 512 1034 572 canoris.

245 593 387 669 Denique
405 603 480 670 quot
500 614 600 653 rerum
623 596 724 655 diviua
743 594 872 655 Poetica
891 595 984 654 flores

247 677 418 755 Complexo
441 688 498 752 est,
523 700 585 739 uno
605 683 691 758 pueri
709 700 743 740 se
764 687 888 757 pectore
914 681 1061 741 condunt=

248 764 361 824 Omnia
383 783 461 840 quae
483 773 600 824 tentata
620 766 676 824 tibi
696 766 838 824 felicibus
861 764 945 823 ausis

245 850 357 909 Mentis
375 849 576 909 inexhaustae
595 851 685 927 primi
704 851 806 911 lusere
830 849 959 908 calores.

245 935 320 993 Mor
342 935 394 994 ubi
415 936 495 994 trina
517 936 572 994 tibi
593 936 800 1010 quinquennia
820 935 1072 1007 condiditaetas,

247 1019 293 1077 Te
314 1021 431 1079 maiora
449 1030 576 1080 vocant:
596 1039 698 1079 rerum
720 1021 887 1096 disquirere
907 1038 1016 1080 musas

245 1105 319 1164 Fert
341 1106 471 1179 animus,
494 1106 575 1164 docti
595 1105 751 1164 recludere
772 1124 860 1164 sacra
878 1104 1002 1180 Lycaei,
1025 1105 1163 1182 [lqcct'l]

246 1191 288 1250 Et
308 1192 420 1250 veteris
443 1198 527 1249 totos
548 1191 695 1250 Academi
715 1191 849 1267 pandere
870 1207 990 1248 census.

247 1274 316 1334 Nec
337 1294 410 1334 vero
431 1274 581 1334 interdum
605 1276 683 1333 caeli
704 1284 860 1335 momenta
878 1274 1008 1334 volantis

248 1360 402 1418 Intentata
423 1360 489 1433 tibi,
510 1378 567 1418 nec
586 1378 660 1434 quas
683 1360 817 1419 Nilotica
838 1360 990 1436 Memphis

249 1442 333 1505 Solis
356 1445 388 1502 in
412 1452 518 1502 exacto
540 1446 672 1522 signavit
690 1446 814 1521 pulvere
835 1452 943 1503 metes.

247 1529 291 1590 Ut
307 1548 363 1606 per
383 1549 482 1606 prona
501 1530 561 1587 ruit
580 1529 701 1589 nivibus
726 1531 762 1588 de
782 1538 887 1588 monte
902 1530 1034 1602 solutis,

248 1613 316 1673 Nec
334 1615 396 1672 iam
418 1616 484 1673 finit
503 1633 598 1690 aquas
616 1616 750 1692 riparum
772 1616 909 1693 margine
930 1623 1070 1675 torrenst

247 1699 309 1757 Per
331 1700 437 1776 scripti
458 1718 549 1758 omne
569 1720 665 1778 genus
689 1701 759 1759 latis
782 1701 972 1760 discursibus
995 1719 1080 1760 erras

248 1785 379 1862 Ingenii,
400 1786 448 1844 cui
469 1785 554 1843 nulla
574 1785 633 1843 fuit
653 1805 796 1846 mensura
814 1785 922 1844 ruenti.

225 1867 343 1929 ‘cuius
361 1869 401 1926 ad
420 1871 562 1929 excelsas
584 1870 654 1929 dum
678 1891 712 1930 se
735 1871 816 1929 celer
834 1872 965 1946 impetus
989 1877 1071 1928 artas

247 1954 393 2030 Expedit,
415 1963 445 2014 et
463 1963 529 2014 tcto
552 1954 687 2032 Sophiae
711 1975 745 2015 se
764 1956 879 2033 proluit
896 1972 996 2027 amne,

247 2039 425 2099 Extenuant
449 2040 589 2098 iuvenem
612 2042 753 2119 vigilatae
777 2060 816 2098 ex
837 2040 944 2098 ordine
967 2047 1087 2112 noctes,

249 2124 349 2183 Tabet
371 2127 408 2184 ab
428 2127 576 2185 exhausto
597 2145 706 2202 corpus
728 2125 902 2183 miserabile
923 2141 1026 2191 succo.

247 2208 316 2269 Neo
336 2230 433 2283 mora,
454 2230 510 2269 nec
529 2212 661 2286 requies,
686 2210 853 2269 studiorum
877 2209 1015 2267 dulcibus
1038 2229 1146 2270 amens

247 2294 423 2354 Immeritur
444 2296 534 2367 curis,
558 2305 588 2353 et
610 2313 719 2354 vescos
742 2295 873 2370 carpitur
893 2303 988 2366 artus,

247 2380 380 2439 Abdicet
399 2388 432 2438 ut
451 2382 544 2439 vitam
563 2381 642 2437 vitae
662 2380 843 2438 immortalis
867 2398 982 2450 amora,

247 2465 313 2522 Iam
335 2466 463 2525 collecta
487 2465 577 2523 cutim
596 2465 710 2523 macies
731 2465 866 2523 adducit:
890 2466 1059 2523 hebescunt

249 2548 416 2628 Collapsae
434 2551 529 2609 vires:
553 2548 590 2607 de
609 2558 695 2608 tanto
718 2551 847 2625 denique
865 2549 975 2608 Dousa

247 2633 302 2693 Nil
322 2644 444 2713 praeter
464 2635 598 2710 linguam
620 2644 769 2711 superest.
793 2654 831 2693 ea
850 2636 919 2695 sola
941 2643 1100 2710 parentem

247 2720 432 2796 Alloquitur,
455 2718 601 2793 vacuique
621 2739 728 2779 omues
751 2719 877 2778 effundit
898 2719 929 2777 in
950 2719 1035 2776 illum

248 2804 405 2880 Reliquias
429 2803 535 2861 animi:
557 2803 630 2863 Non
655 2813 696 2878 te,
720 2804 897 2864 dulcissime
917 2822 1028 2877 rerum,

247 2890 395 2948 Luctibus
418 2889 579 2947 obsessum
601 2890 695 2968 longo
718 2909 859 2949 sermone
883 2889 1033 2948 morabor.

247 2974 318 3033 Non
340 2993 379 3031 ex
399 2974 558 3050 praecipiti
578 2975 658 3033 ritae
679 2976 754 3033 mihi
773 2975 891 3034 tollitur
911 2992 996 3032 usus.

248 3059 432 3134 Iampridem
451 3060 549 3119 morbi
568 3060 651 3118 lenta
672 3059 834 3119 obsidione
855 3063 984 3136 peres'us

248 3143 344 3202 Disco
366 3144 450 3202 mori.
473 3144 535 3203 Per
551 3165 608 3223 ego
628 3154 659 3204 te
678 3146 780 3218 istam,
804 3164 893 3220 quam
912 3144 1032 3216 desero,
1051 3143 1162 3216 lucem,

250 3229 407 3303 Quamque
425 3229 480 3289 tibi
503 3238 657 3306 acceptam
676 3230 789 3303 refero,
812 3248 851 3287 ne
865 3230 990 3288 confice
1011 3229 1105 3302 curis,

250 3314 348 3388 Quem
371 3315 488 3390 patriae
511 3316 604 3374 debes
628 3314 771 3373 animum.
792 3314 919 3373 Desiste
942 3313 1058 3386 dolere,
1086 3332 1089 3343 ’

249 3396 338 3472 Quod
357 3400 441 3459 feror
462 3408 533 3458 ante
554 3399 645 3471 diem,
671 3400 753 3475 quod
777 3400 883 3458 lunera
903 3392 999 3457 tollor
1020 3399 1144 3458 acerba.

248 3483 321 3542 Vita
342 3503 414 3544 suas
435 3491 533 3543 metas
552 3492 632 3556 actu,
654 3504 715 3543 non
736 3493 876 3560 tempore
895 3484 972 3541 finit

172 3623 175 3629 .
249 3567 305 3629 Sat
325 3571 410 3642 vixit,
433 3569 485 3643 qui
507 3577 554 3627 sat
575 3569 705 3644 patriae,
727 3578 776 3629 sat
796 3569 911 3645 profuit
932 3568 1008 3627 orbi.
