2586 4214
518 364 669 471 ja-

133 543 258 602 Venans
278 542 409 601 cannam
432 543 562 617 perfidae
585 540 716 620 sponsae
735 544 859 602 veham:

134 628 197 704 Qui
220 627 377 705 limpidum
398 627 555 705 accoluere
576 628 681 687 Dizeri
701 629 830 686 alveum.

133 712 269 772 Melitam
288 711 418 770 insulam
442 711 494 769 alii
515 733 577 772 non
600 715 638 773 ab
663 713 815 774 Orthrono
838 713 942 788 procul

134 798 214 875 Vagi
237 797 430 867 obsidebunt,
453 816 542 872 quam
562 799 663 876 iugosi
685 798 831 875 plurimus

135 880 257 942 Circum
274 880 411 958 Pachyni
433 879 561 942 Sicanos
581 883 688 942 lambit
710 883 820 958 liquor,

133 970 244 1027 Arcem
266 975 421 1044 petrosam
442 968 597 1027 ruminans
620 968 830 1046 cognominem

136 1052 219 1113 Olim
238 1052 368 1110 futuram
387 1049 529 1128 Sisyphei
550 1052 616 1126 filii,

136 1136 248 1197 coritis
271 1138 359 1195 etiam
379 1137 514 1214 Virginis
538 1138 703 1215 splendens
727 1157 814 1216 opus,

136 1222 205 1298 Qua
225 1222 320 1281 vomit
341 1221 476 1282 Helorus
496 1224 689 1300 frigerantem
712 1223 868 1302 gurgitem.

136 1307 195 1367 Avi
214 1315 364 1383 peremtor
381 1307 485 1382 hirpus
510 1308 697 1368 Orthronum
719 1309 843 1381 incolet,

136 1392 233 1450 Patrii
253 1391 358 1468 procul
377 1392 490 1450 fluenta
512 1392 680 1471 Coscynthi
702 1404 861 1471 expetens,

136 1477 177 1536 Et
196 1478 228 1534 in
250 1476 393 1553 procellis
416 1495 561 1554 scrupeae
584 1479 657 1537 moli
679 1480 816 1538 insidens

137 1560 277 1620 Classem
299 1562 460 1636 imperabit
480 1563 680 1639 navigandum
702 1566 828 1624 civibus.

137 1646 250 1705 Terrae
270 1656 416 1724 paternae
439 1666 566 1722 namque
590 1668 651 1706 non
674 1667 785 1706 annum
807 1651 956 1725 integrum

135 1731 358 1789 Perduellionis
380 1731 479 1808 patria
500 1750 585 1789 reum
605 1732 664 1790 frui

138 1815 303 1891 Sequestra
323 1817 421 1874 iustae
443 1816 536 1875 Furia
555 1817 705 1876 vindictae
729 1818 819 1889 sinat,

136 1901 274 1960 Ladonis
294 1901 346 1959 udi
368 1901 452 1959 larva
471 1902 548 1960 roris
570 1901 682 1960 accola.

136 1987 178 2045 Et
196 1986 267 2044 inde
284 1986 383 2044 vitans
407 1986 554 2062 praelium
577 1987 822 2065 anguiforminm,

136 2071 301 2131 Abantiam
321 2078 396 2148 post
413 2072 568 2148 navigabit
589 2073 746 2150 oppidum,

136 2157 335 2233 Ventansque
358 2158 482 2233 propius
503 2166 614 2214 terram
636 2157 871 2227 Atitanensium,

137 2241 188 2300 Ad
207 2241 292 2300 littus
314 2242 412 2317 ipsum
436 2242 553 2300 culmen
575 2243 699 2300 arduum
720 2241 834 2300 incolet

138 2326 256 2385 Libans
277 2325 461 2403 Polyanthei
481 2325 647 2385 Chaonitae
666 2328 799 2384 flumina.

138 2409 313 2471 Calchantis
335 2411 417 2486 atqui
439 2412 527 2469 busta
547 2419 674 2488 propter
697 2411 773 2469 Itala

136 2497 276 2555 Fratrum
299 2495 389 2554 duum
412 2496 567 2554 mendacis
590 2497 666 2553 alter
687 2495 822 2570 cespitis,
901 2504 906 2513 ’

137 2581 300 2640 ΤυωιιΙιιω
321 2580 448 2657 sepultis
471 2581 615 2638 excitabit
635 2580 772 2639 ossibus:

136 2666 325 2739 Bustumque
349 2664 442 2724 ovillo
465 2664 577 2723 vellere
597 2664 809 2722 incubantibus

136 2752 250 2809 Veram
269 2750 301 2807 in
323 2751 423 2824 quiete
444 2750 607 2808 dictionem
632 2749 784 2825 proferet:

138 2835 342 2909 Salutiferque
361 2835 493 2894 Dauniis
516 2834 683 2905 vocabitur,

138 2919 215 2981 Cum
236 2920 369 2979 fluminis
389 2940 464 2998 gens
486 2920 549 2979 lota
570 2919 703 2977 Iuturnis
726 2915 823 2990 aquis,

139 3005 272 3066 Gnatum
291 3005 477 3064 invocabunt
498 3005 642 3082 opitulum
663 3000 838 3077 Aesculapii

139 3089 233 3169 Gragi
251 3090 412 3166 benignum
437 3092 612 3165 civibusque
634 3086 787 3146 accedere.

138 3175 209 3235 Hoc
233 3193 342 3252 nempe
364 3176 479 3234 cunctis
500 3175 600 3233 lumen
624 3171 744 3232 Aetolis
765 3169 829 3227 erit.

138 3261 186 3319 Ibi
206 3267 362 3318 cruentum
385 3267 415 3317 et
436 3259 565 3325 omnium
589 3257 813 3326 saevissimum,

139 3345 271 3421 Quando
295 3342 428 3422 Salanga
447 3363 518 3401 rura
540 3353 570 3400 et
590 3346 751 3420 Angeesos
776 3340 860 3400 sinus

139 3428 216 3488 Cum
236 3430 384 3501 venerint,
402 3430 487 3487 ducis
509 3436 673 3504 reposcent
694 3427 799 3503 iugera

139 3515 220 3574 Boni
241 3514 360 3573 novalis
387 3532 504 3586 sumen,
524 3532 626 3571 arvum
649 3509 839 3570 haeredium:

140 3598 225 3674 Quos
248 3599 285 3657 ad
309 3600 480 3675 sepulcrum
504 3598 669 3657 solitarium
691 3597 819 3655 obruant
