2560 4216
501 371 652 467 Q

335 532 453 611 Σώζεο,
475 538 523 599 σοὶ
545 537 666 620 μέλλων
691 534 818 603 ἐνέπειν.
936 546 1032 624 ζ(66)

118 619 263 680 Dicturus
288 623 353 695 tibi,
376 623 457 698 Vita,
478 625 558 697 vale,
582 642 747 701 vocemque
769 630 890 687 citatam

161 707 328 780 Refrueno‚
347 728 452 768 rursus
474 711 671 787 sustineoque
694 713 829 789 gradum.

118 791 220 867 thue
244 792 318 850 olim
343 793 432 870 niger
449 794 502 853 ille
523 796 588 854 dies
610 799 792 856 Acherontis
815 800 918 871 amari,

162 874 215 936 Sic
232 877 307 959 mihi
328 876 447 937 discidii
469 890 579 939 caussa
599 883 734 941 timenda
755 883 798 941 tui
823 891 878 942 est,

118 961 229 1022 Vultus
254 963 334 1020 enim
355 970 425 1022 tuus
448 974 495 1023 est
516 966 570 1023 lux
594 966 698 1026 altera.
718 968 786 1026 Lux
807 977 910 1026 tamen
931 967 1014 1027 omui

162 1047 247 1105 Voce
271 1055 362 1105 caret.
385 1047 509 1122 Contra,
534 1059 565 1109 tu
589 1052 663 1109 mihi
684 1054 776 1110 verba
796 1054 891 1112 refers

119 1130 231 1190 Dulcia
251 1130 391 1192 Sirenum
413 1144 501 1192 cantu
525 1137 633 1214 magis,
658 1156 674 1194 e
698 1138 806 1212 quibus
830 1140 929 1197 omnis

162 1216 302 1276 Pendula
324 1236 395 1295 spes
419 1220 538 1278 auiuroe
564 1230 682 1297 statque
706 1223 842 1298 caditque
864 1242 960 1282 meae.

377 1379 448 1466 Εἰμὶ
471 1385 525 1467 μὲν
549 1386 585 1449 ob
607 1387 773 1470 φιλόοινος.
937 1389 1031 1470 ζ(67)

119 1470 190 1529 Non
213 1490 279 1530 sum
301 1471 443 1531 vinosus:
465 1470 526 1533 vin’
549 1493 598 1532 me
621 1476 775 1553 deponere
794 1477 882 1536 vino?
998 1494 1001 1501 ⁴

162 1555 242 1628 Hac,
266 1556 347 1615 situ
369 1556 447 1616 libes
470 1560 589 1634 pocula,
615 1560 684 1638 lege
707 1562 818 1620 bibam.

120 1641 260 1701 Admotis
282 1649 333 1699 tua
352 1641 448 1716 labra,
470 1645 601 1719 nequibo
627 1645 744 1703 sobrius
765 1665 850 1704 esser

161 1726 229 1785 Nec
252 1726 300 1785 fas
322 1735 435 1786 temeto
455 1748 549 1804 posse
572 1747 674 1786 carere
697 1731 780 1787 mihi.

119 1810 200 1870 Nam
218 1812 400 1870 transmissa
420 1812 481 1873 tuis
504 1814 543 1871 ad
564 1833 612 1871 me
632 1813 690 1870 sert
715 1816 821 1873 suavia
842 1814 935 1873 labris

161 1897 218 1954 Illo
241 1896 331 1970 calix,
353 1916 481 1957 narrans
504 1898 585 1956 dona
609 1900 741 1975 superba
764 1918 829 1959 sua.

374 2060 504 2147 Μήποτε
524 2063 617 2149 λύχνε
641 2065 769 2147 μύκητα.
902 2102 903 2109 1
936 2068 952 2135 ζ
961 2067 1032 2145 (68)

119 2148 168 2207 Ne
189 2150 257 2225 quis
278 2159 436 2210 concretus
458 2153 513 2211 tibi
535 2153 645 2230 fungus
669 2161 813 2211 convocet
833 2154 960 2215 imbres:

161 2233 216 2292 Vir
232 2235 329 2294 venit:
352 2236 421 2293 huic
443 2237 543 2297 nullas
567 2247 664 2311 necte,
685 2238 819 2307 lucerna,
836 2258 948 2299 moras.

119 2316 215 2376 Nulla
232 2320 320 2379 faves
344 2320 465 2380 Veneri.
491 2321 572 2381 Nam
598 2341 665 2380 cum
687 2322 861 2380 condixerat
881 2323 964 2383 Hero

161 2403 303 2464 Leandro
326 2439 364 2449 -
392 2407 442 2478 ab,
468 2407 578 2481 anime,
603 2415 724 2465 caetera
745 2425 834 2482 parce
854 2408 947 2484 loqui.

118 2487 256 2548 Vulcano
281 2492 386 2549 servis.
405 2490 496 2563 Hinc,
519 2511 558 2549 ne
579 2491 751 2551 adverseris
770 2492 859 2549 herili

161 2571 271 2648 Curae,
293 2585 326 2632 tu
345 2574 458 2635 Veneri
481 2594 603 2652 semper
622 2577 728 2651 iniqua
749 2595 866 2636 manes.

395 2738 434 2804 Ti
451 2741 625 2824 στενάχειςς
650 2740 759 2825 φιλέω.
936 2745 1032 2823 ζ(69)

118 2826 177 2886 Dic
193 2829 332 2906 agedum,
347 2830 419 2906 quid
432 2829 590 2907 suspiras?
602 2833 691 2888 Amo.
707 2828 864 2903 Quamne?
883 2829 1031 2891 Puellam.

159 2912 347 2973 Pulchrum?
374 2914 506 2973 Pulchra
526 2915 622 2973 oculis
643 2922 690 2973 est
712 2934 748 2972 ea
766 2914 833 2973 visa
850 2916 936 2973 meis,

118 3003 176 3057 Ast
198 3000 250 3057 ubi
272 3000 341 3058 visa
362 3000 417 3058 tibi
437 3000 502 3060 est?
524 3000 573 3058 Ad
592 3018 718 3058 coenam
736 3000 818 3058 forte
840 3008 962 3058 vocatus

161 3082 241 3154 Vidi,
262 3080 453 3143 communem
474 3093 628 3160 presserat
647 3084 701 3142 illa
721 3091 832 3143 torum.

120 3165 199 3244 Spes
222 3176 270 3229 est
288 3189 382 3247 posse
403 3170 481 3228 frui?
504 3168 596 3247 Spes,
618 3190 636 3227 o
656 3171 743 3228 bone,
766 3168 907 3244 Denique
928 3175 1034 3244 aperte

160 3251 230 3311 Nou
252 3273 328 3312 amo.
352 3255 491 3313 Furtivus
513 3274 608 3314 venor
626 3255 784 3312 amicitias.

118 3335 288 3416 Legitimos
307 3340 455 3398 thalamos
475 3338 554 3417 fugis
575 3339 669 3417 ergo?
690 3340 773 3398 Vera
783 3337 905 3414 putasti.

161 3423 253 3499 Quod
274 3441 344 3484 sors
364 3425 435 3482 huic
455 3442 568 3502 parvas
590 3444 699 3500 nempe
719 3424 843 3500 reliquit
861 3421 961 3500 opes?

120 3506 219 3567 Omne
232 3516 331 3569 tenes.
346 3509 442 3587 Igitur
453 3527 509 3568 nec
524 3509 716 3568 amasbenel
732 3505 1034 3582 FallereNuuquam

159 3592 258 3651 Recta
278 3602 390 3669 putans
412 3594 531 3654 animus
555 3593 747 3669 impatienter
769 3601 859 3652 amat.
