2502 4218
657 350 808 446 Α

275 511 394 597 Μηδεὶς
412 513 531 597 γένοιτο
556 511 730 600 Μεγαράιον
755 517 943 600 σοφώτερος.

274 595 382 682 Μηδὲν
407 597 476 682 μέγ’
498 597 597 683 εἴπης,
617 601 686 685 πρὶν
707 601 924 683 τελευτήσαντ’
948 599 1027 683 ἴδης.

275 680 342 746 Μία
363 684 497 768 χελιδὼν
520 683 577 747 οῦκ
599 681 657 769 ἔαρ
680 683 758 771 μόνη
779 689 872 748 ποιεῖ.

276 767 378 836 Μίδας
398 767 455 851 γὰρ
478 767 509 829 ἐν
533 767 668 854 κύβοισιν
690 769 914 857 εῦβολώτατος.

275 852 379 937 Μικρά
402 852 437 915 δὲ
454 851 609 938 πρόφασίς
630 853 694 916 ἐστι
714 859 769 918 τοῦ
788 853 901 937 πρᾶξαι
921 855 1034 922 κακῶς.

276 937 405 1023 Μικροῖς
427 938 482 1020 μὲν
507 937 688 1019 αύλίσκοισι,
712 938 860 1048 φορρείας
875 935 912 1000 ’δ’
936 935 1017 1023 ἄτερ.

275 1020 394 1106 Μικρός
412 1043 447 1104 γε
467 1025 564 1105 μῆκος
587 1020 688 1099 οὗτος,
712 1023 772 1085 ἀλλ
809 1022 890 1089 ἀπας
911 1019 1014 1090 κακός.

276 1103 383 1190 Μόνης
404 1105 455 1168 ἐπ’
481 1105 585 1188 αὐτῆς,
608 1107 743 1192 ἀγκύρας
766 1106 949 1189 σαλεύομεν.

276 1187 473 1274 Μωμήσεταί
491 1212 534 1258 τις
553 1190 674 1266 θᾶττον,
695 1192 714 1276 ἢ
738 1192 913 1276 μιμήσεται.

276 1270 398 1358 Μῶμος
421 1276 456 1337 δὲ
477 1273 572 1337 πάνθ’
598 1277 679 1359 όρῦιν
703 1273 897 1359 ἑαυτὸνόῦχ
917 1277 985 1360 ὁρᾷ.

276 1355 376 1442 Νέμει
396 1359 535 1426 πολίταις
556 1359 690 1442 μητέρας
708 1358 919 1442 Πολυκράτης.

273 1438 312 1506 ‘O
357 1442 470 1511 άσανος
489 1441 587 1527 ἥδους
610 1443 688 1506 ἐστὶν
712 1444 879 1529 ἀνθρώπου
897 1442 1019 1528 χρόνος.

271 1522 312 1591 ‘0
336 1445 479 1612 δεύτερος
498 1529 594 1595 πλοῦς
618 1527 681 1591 ἐστὶ
704 1529 803 1613 δήπου
827 1527 1003 1610 λεγόμενος,

320 1609 356 1674 ἀν
381 1612 522 1697 ἀποτύχῃ
545 1611 589 1683 τὶς
607 1613 791 1697 πνεύματος,
810 1613 945 1675 κώπαισι
965 1614 1063 1676 πλεῖν.

273 1694 312 1762 ‘0
335 1695 415 1764 Ζεὺς
436 1697 559 1759 κατεῖδε
578 1697 705 1781 χρόνιος
726 1696 844 1765 εἰςτὰς
866 1694 1026 1780 διφδέρας.

274 1779 312 1847 Ὁ
336 1779 427 1864 λόγος
448 1782 464 1845 ό
484 1783 606 1866 τρώσας
625 1782 717 1850 αὐτὸς
737 1781 804 1845 ἔστ’
829 1783 969 1862 ἰώμενος.

273 1865 313 1932 Ὁ
337 1866 392 1948 μὲν
417 1865 596 1951 ἐξυφαίνεθ’
622 1868 713 1943 ἱστδς,
735 1868 751 1930 ό
776 1866 811 1929 δὲ
831 1865 975 1936 διάζεται.

274 1949 313 2016 Ὁ
333 1954 405 2018 νοῦς
422 1951 480 2032 γάρ
504 1949 567 2012 ἐστι
589 1955 642 2032 τῆς
660 1949 816 2033 τραπέζης
837 1948 977 2032 πλησίον.

274 2032 312 2100 ‘0
335 2037 387 2095 νῦν
406 2034 460 2116 μὲν
483 2032 594 2109 οὐδεὶς,
620 2033 725 2118 αύριον
750 2034 781 2096 δ’
804 2033 986 2117 ὑπερμέγας.

274 2115 312 2183 ‘0
336 2117 439 2180 πολλὰ
460 2115 587 2200 κλέψας,
612 2119 701 2200 ὀλίγα
721 2118 794 2186 δοὺς
817 2117 1006 2203 ἐκφεύξεται.

274 2201 312 2267 Ὁ
336 2204 433 2285 σοφὸς
453 2202 484 2264 ἐν
506 2203 590 2288 αύτῷ
608 2202 770 2288 περιφέρει
789 2203 843 2285 τὴν
862 2202 979 2265 οὐσίαν.

272 2284 312 2352 Ὃ
333 2285 426 2349 τόπον
448 2287 586 2370 ἀμείβων
610 2287 667 2351 οόκ
686 2288 808 2373 ἀμείβει
826 2289 878 2352 τόν
899 2285 1023 2370 τρόπον.

274 2368 372 2436 Ὁδοῦ
392 2371 553 2456 παρούσης
571 2373 706 2455 ἀτραπὸν
730 2376 830 2457 ζητεῖν
851 2372 961 2438 δοκεῖς.

275 2456 417 2538 Ὀζῦιμεν
440 2457 560 2539 ἀνδρῶν
580 2455 713 2528 αὐτόδαξ
733 2457 944 2541 ὠργισμένων.

279 2541 318 2608 Οἱ
343 2541 397 2623 μὲν
419 2541 477 2625 γὰρ
498 2541 603 2604 οὐκέτ’
628 2543 719 2605 εἰσὶν·
745 2544 775 2605 οἱ
796 2542 827 2605 δ’
849 2539 934 2608 ὄντες
954 2540 1054 2603 κακοί.

279 2625 318 2691 Οἱ
341 2625 395 2706 μὲν
420 2624 498 2708 πάρ’
522 2625 614 2690 οὐδέν
638 2629 725 2702 εἰσιν,
747 2627 792 2695 οἷς
816 2623 963 2707 δ’,ούδὲν
985 2623 1084 2708 μέλει.

280 2708 396 2791 Οίαπερ
420 2710 440 2772 ἁ
464 2708 622 2791 δέσποινα,
641 2710 784 2774 τοῖάδ’ά
807 2710 900 2773 κύων.

279 2792 355 2860 Οίδέ
378 2816 412 2856 τε
434 2792 557 2861 Πυλαία
579 2801 686 2876 ταῦτα,
708 2797 760 2859 καὶ
782 2792 944 2876 Τεττιγίας.

280 2877 382 2946 Οἰκεῖς
405 2878 577 2956 θάλασσαν,
597 2879 732 2960 Γλαῦκε,
755 2883 809 2963 τῆς
829 2877 909 2946 πόας
933 2881 1052 2962 φαγιύν.

279 2960 367 3028 Οίκοι
387 2962 519 3039 λέοντες,
542 2963 573 3026 ἐν
597 2967 682 3049 μάχη
705 2965 735 3028 δ’
756 2965 925 3030 ἀλώπεκες.

279 3045 367 3112 Οίκοι
389 3046 489 3130 μένειν
514 3050 563 3112 δεῖ
579 3050 630 3111 τόν
652 3051 756 3116 καλῶς
777 3047 958 3130 εὐδαίμονα.

279 3129 368 3197 Οίκοι
389 3132 428 3194 τὰ
448 3130 612 3216 Μιλήσεια.
638 3134 679 3216 μὴ
700 3132 757 3215 γὰρ
779 3132 901 3195 ἐνθάδε.

280 3215 373 3282 Οίνοο
395 3217 491 3300 δὲμὴ
514 3217 665 3301 παρόντος
687 3216 744 3279 οῦκ
764 3216 827 3279 ἐστὶ
848 3214 974 3298 Κύπρις.

279 3299 373 3367 Οἴνου
394 3301 553 3369 κατιόντος
573 3300 768 3364 ἐπιπλέουσιν
791 3303 820 3364 οἱ
840 3302 937 3384 λόγοι.

280 3385 362 3471 Οίνῳ
380 3386 432 3449 τόν
453 3384 546 3462 οίνον,
566 3386 720 3469 κραιπάλη
745 3385 798 3468 τήν
818 3386 1000 3469 κραιπάλην.
1046 3390 1050 3396 ’

280 3467 355 3537 θῖος
377 3467 511 3532 δεδιέναι
531 3471 640 3546 πάντα,
660 3469 714 3554 κάν
735 3494 763 3532 τι
787 3474 844 3552 μῦς
865 3472 965 3553 ψοφῇ.

281 3549 347 3638 Οίφ
370 3578 409 3638 με
430 3554 547 3636 δαίμων
570 3552 672 3638 τέρατι
695 3553 938 3637 συγκατείρξατο.
