2560 4216
548 350 609 408 265

530 519 634 577 Aliter.

120 603 216 663 Dulce
236 621 330 662 conae
348 603 471 676 fidibus,
493 603 538 663 sic
558 605 667 663 dexter
686 603 728 662 sit
748 604 822 661 mihi
839 605 974 678 Faenus,

161 688 345 765 Zenophila,
368 697 474 766 argnto
495 689 613 763 pectine
635 688 723 746 dulce
743 706 848 748 sones.

120 772 189 833 Heu
209 793 269 849 qno
290 781 320 831 te
342 773 477 850 fugiam?
497 775 684 834 circunetent
703 774 833 849 undique
854 777 996 847 Amores,

160 859 201 917 Et
221 859 394 935 respirandi
415 858 503 935 copie
524 858 609 917 nulle
627 859 722 917 detur.

119 942 200 1001 Hinc
211 943 321 1015 forma,
329 943 400 1001 hinc
412 951 529 1017 centus,
537 953 606 1003 tuus
619 944 689 1002 hinc
701 942 819 1001 mihine
832 943 922 1020 lepor
934 944 1032 1003 offert.

161 1027 243 1086 Hinc
264 1027 382 1104 (verum
407 1037 515 1087 cuncte
535 1030 611 1087 haec
632 1028 704 1104 quid
719 1028 857 1104 mcrorl)
876 1048 946 1087 uror
967 1047 1032 1107 ego.

428 1192 477 1278 Νὴ
499 1195 550 1256 τὸν
565 1190 702 1277 Ἔρωτα.
956 1197 1033 1275 ζ(2)

119 1280 300 1359 Dispereem
319 1281 500 1354 Heliodora‚
523 1290 593 1341 tuoe
613 1282 646 1339 ni
668 1282 773 1340 audire
791 1301 934 1343 susurros

163 1367 279 1441 Malim,
301 1388 391 1444 quam
412 1368 545 1426 citharae
564 1386 686 1429 carmen
707 1367 899 1445 Apollineae.

373 1531 436 1610 Τίς,
457 1533 548 1616 ῥόδον
573 1533 589 1595 ὁ
614 1532 774 1616 στέφανος.
959 1541 974 1608 ζ
983 1541 1032 1623 (3)

119 1621 270 1680 Bacchine
291 1623 361 1699 ipse
379 1641 491 1680 corone
511 1640 585 1680 rosa
605 1629 663 1693 cet,
686 1621 745 1694 dic,
765 1643 843 1681 anne
867 1636 991 1684 coronae

160 1708 233 1784 Ipee
253 1726 327 1767 rose
347 1708 416 1767 est?
439 1707 541 1766 Minor
563 1713 610 1765 est
631 1706 700 1780 ipsa
724 1725 842 1781 corona,
865 1717 946 1785 pute.

357 1869 394 1936 ‘O
420 1870 570 1953 στέφανος
592 1873 662 1954 περὶ
684 1874 780 1954 κρατὶ.
958 1880 1032 1958 ζμ)

119 1961 311 2021 Marceecunt
334 1969 433 2021 sertae
455 1960 535 2018 circa
557 1968 648 2037 caput
668 1958 867 2047 Heliodoree‚

161 2047 218 2106 Est
239 2053 352 2106 sertum
374 2046 450 2105 serti
469 2045 524 2104 sed
545 2054 646 2104 tamen
668 2046 739 2123 ipsa
760 2048 815 2107 sui.
898 2076 905 2087 =

359 2210 442 2295 Ἤδη
464 2213 572 2276 λευκὸν
596 2210 641 2273 'lov
667 2212 789 2274 θάλλει.
958 2206 1031 2300 ζῶ)

118 2301 185 2359 Iam
206 2301 313 2358 florent
334 2300 443 2373 violae,
465 2308 556 2376 etque
574 2300 666 2359 imbri
687 2302 842 2360 narcissus
863 2307 993 2365 amicus:

162 2384 309 2462 Quaeque
330 2385 407 2444 altis
421 2385 555 2462 gaudent
575 2385 641 2442 lilia
660 2402 736 2442 cena
756 2386 845 2462 iugis.

118 2470 160 2529 Et
179 2471 370 2548 tempestivis
394 2471 455 2527 iam
475 2471 586 2528 florum
607 2469 753 2529 flosculus
772 2472 873 2543 annis,

163 2555 340 2632 Zenophile,
359 2555 480 2616 Suedae
502 2555 590 2612 floret
611 2558 743 2612 amo'cne
761 2573 841 2613 rosa.

118 2639 216 2698 Prata
233 2641 304 2715 quid
325 2662 343 2698 0
361 2660 441 2699 veno
465 2641 573 2697 florum
597 2637 734 2715 gaudetis
757 2641 894 2699 honore?

163 2722 292 2785 Suavior
313 2726 441 2803 clipeis
465 2732 571 2783 sancte
591 2722 695 2799 puella
717 2725 808 2783 resin.

519 2809 622 2866 Aliter.

119 2895 186 2953 Iam
207 2913 304 2957 cenae
324 2896 434 2955 florent
455 2893 566 2966 violae,
587 2890 769 2970 pluviaeque
792 2894 894 2954 sititor

160 2978 344 3040 Naneicsus:
366 2981 473 3038 florent
493 2979 559 3037 lilia
579 2996 689 3055 sparsa
709 2979 799 3055 iugis.

118 3066 160 3125 Et
176 3085 290 3125 vernae
309 3067 418 3124 florum
438 3066 496 3123 flos
516 3064 761 3123 iucundissimus>
776 3065 880 3137 horae,

164 3151 342 3228 Zenophile‚
363 3149 484 3210 Sne-dee
506 3151 595 3208 floret
615 3149 715 3207 amice
735 3168 819 3209 rone.

118 3234 224 3309 Prata,
244 3235 326 3312 quid,
350 3237 389 3294 ah
409 3237 523 3294 frustra
541 3236 649 3293 florum
670 3234 775 3292 ridetis
795 3235 927 3293 honore?

163 3320 270 3381 Gratio
294 3330 342 3381 est
363 3322 446 3381 omni
465 3319 537 3376 flore
556 3320 660 3395 puelle
678 3336 755 3377 mea.

362 3486 472 3556 Πλέξω
495 3488 646 3566 λευκόϊον,
667 3488 781 3557 πλέέω.
956 3489 1040 3573 (Ui)-

119 3572 308 3636 Connectam
331 3576 440 3649 violes,
463 3587 640 3639 connectam
662 3578 767 3637 mollia
791 3586 899 3655 myrta,
