2586 4214
639 338 789 432 -mg

256 507 415 581 Vecordis,
433 507 600 567 insessoris
624 506 715 565 etiam
737 504 862 566 exerciti

254 594 392 654 Fratrem
414 599 552 652 vocaret:
572 592 617 653 nil
637 599 741 651 vetare
761 610 822 666 quo
843 590 943 652 minus

257 677 405 740 Saxonum
425 677 542 736 acervis
564 678 691 737 obrutus
715 683 841 735 mortem
861 685 995 754 oppetat.

182 826 187 837 ,
256 764 360 838 quue
381 783 431 823 res
451 763 564 825 rediret
584 769 617 820 ut
638 761 757 840 gladios
781 761 844 820 suis

189 844 241 899 73⁰
258 847 378 925 Vagina
400 849 515 907 eburna
535 847 700 907 liberarent
722 846 866 905 dexteris.

258 931 320 994 Sed
341 935 436 992 verbo
459 933 557 992 amico
579 933 719 1010 reprimit
736 930 871 1009 gliscens
892 931 1008 991 malum

258 1016 372 1078 Senum
394 1037 491 1078 senex
514 1024 614 1077 aetate
634 1015 900 1094 provectissumus.

257 1101 348 1162 Nunc
366 1122 438 1163 vero
459 1103 512 1162 ubi
535 1102 616 1162 Aiax
636 1112 694 1176 est,
725 1110 759 1160 ut
777 1101 824 1159 illi
842 1101 917 1159 haec
935 1101 1089 1162 indicem?

257 1187 400 1248 Dominis
423 1188 579 1266 negotium
601 1207 691 1246 omne
713 1187 848 1265 pandere
867 1186 998 1263 expedit.

189 1267 241 1322 735
260 1271 315 1332 ch.
359 1272 433 1333 Non
455 1282 503 1331 est
522 1273 549 1331 is
572 1272 667 1345 intus,
688 1291 793 1331 rerum
814 1271 908 1330 abivit
927 1271 988 1331 iam
1011 1273 1116 1346 modo,

258 1355 394 1416 Consilia
414 1366 541 1416 nectens
564 1359 700 1431 moribus
719 1357 806 1417 novis
826 1376 916 1416 nova.

257 1440 358 1501 Nunc.
404 1441 486 1515 Heu,
506 1442 575 1500 heu.

258 1525 319 1602 Qui
340 1526 423 1586 misit
444 1528 535 1587 istam
556 1546 604 1586 me
625 1528 717 1600 viam,
736 1535 788 1584 aut
806 1545 854 1584 me
874 1544 941 1584 eam
964 1526 1045 1584 viam

257 1611 358 1671 Tarde
379 1612 426 1670 illi
444 1612 538 1687 misit,
561 1621 613 1670 aut
633 1631 690 1690 ego
713 1612 817 1670 tardus
839 1611 892 1669 fui.

183 1696 241 1751 ‚740
259 1695 314 1756 ch.
355 1695 435 1771 Quid
458 1707 505 1757 est
527 1698 607 1774 qnod
627 1698 685 1756 hac
698 1698 730 1756 in
741 1716 775 1755 re
791 1696 999 1772 exequendum
1012 1696 1173 1758 omiseris?

256 1780 356 1841 Nunc.
397 1783 517 1842 Teucer
538 1785 671 1856 vetabat,
690 1801 732 1842 ne
755 1782 847 1841 domo
870 1781 951 1840 Aiax
971 1790 1063 1839 antea

256 1866 359 1941 Prius,
380 1887 470 1944 quam
493 1869 618 1929 adesset
637 1870 716 1947 ipse,
739 1866 872 1945 prodiret
889 1867 984 1927 foras.

257 1951 313 2012 ch.
359 1951 511 2028 Sequutns
534 1962 582 2012 est
603 1955 736 2013 meliora.
759 1970 870 2029 nempe
892 1949 1045 2010 maxumis

255 2036 368 2094 Pacem
390 2036 526 2097 Deorum
547 2039 689 2116 precibus
715 2054 884 2113 exposcens
906 2039 1003 2096 abest.

188 2123 240 2180 745
257 2119 357 2180 Nunc.
399 2120 487 2181 Haec
504 2124 598 2181 verba
617 2124 710 2201 plane
731 2122 823 2198 plena
844 2130 915 2180 sunt
935 2119 1118 2192 dementiae,

256 2206 296 2264 Et
317 2205 421 2280 stulta,
442 2207 559 2282 siquid
579 2227 730 2286 augurans
745 2206 875 2266 Calchas
890 2207 987 2282 sapit.

258 2289 313 2350 Oh.
359 2289 475 2365 Quibus
498 2293 558 2351 ista
578 2294 699 2352 tandem
721 2293 817 2351 fretus
836 2291 958 2351 indiciis
979 2290 1046 2350 aial

256 2374 356 2435 Nunc.
401 2379 466 2456 Ego
487 2388 642 2456 superstes
665 2378 749 2450 affui,
771 2385 861 2453 atque
880 2376 1013 2436 interfui.

256 2460 396 2537 Namque
419 2482 435 2521 e
461 2482 584 2537 corona,
607 2473 638 2522 et
656 2463 750 2541 regiis
773 2462 899 2521 comitiis

188 2548 241 2604 750
259 2545 390 2607 Calchas
410 2550 553 2627 resurgit:
579 2569 714 2609 seorsum
737 2547 859 2606 Atridas
883 2548 1010 2607 deserit:

256 2630 405 2690 Teucrum
425 2634 604 2710 prehendit:
628 2633 785 2712 copulatur
807 2632 967 2693 dexteras:

254 2715 341 2774 Infit:
364 2727 520 2778 recenset:
540 2720 664 2778 mandat
683 2718 822 2778 omnibus
848 2720 959 2791 modis,

255 2801 380 2860 Aiacem
399 2811 433 2861 ut
451 2803 540 2862 hodie
563 2804 669 2863 sedulo
690 2803 852 2862 coercitum

255 2885 342 2945 Intus
364 2895 493 2962 teneret,
517 2908 573 2948 nec
594 2890 678 2948 foras
703 2887 867 2946 emitteret:

187 2968 238 3024 755
258 2969 292 3032 si
312 2971 404 3032 vellet
420 2972 505 3032 illum
527 2974 682 3052 sospitem,
705 2992 742 3031 ac
764 2973 969 3050 superstitem.

256 3054 389 3134 Nanque
411 3059 499 3132 banc,
522 3079 621 3136 neque
643 3059 723 3117 ultra
742 3058 802 3134 (sic
822 3059 901 3116 enim
922 3051 1072 3136 autumat)
1095 3055 1176 3114 diem

256 3141 346 3200 Illum
368 3143 523 3202 Minervae
544 3145 628 3204 dirus
651 3151 772 3202 exercet
789 3143 885 3202 furor.

257 3225 339 3285 Nam
356 3228 465 3286 molem
486 3230 607 3288 inanem
630 3248 791 3305 corporum
813 3236 903 3304 atque
923 3223 1062 3289 inutilem

257 3312 356 3371 Missa
375 3313 464 3375 ruina
486 3315 613 3374 caelitus
633 3315 832 3391 procumbere

187 3398 239 3451 760
255 3396 441 3457 Perhibebat
459 3418 565 3477 augur,
585 3401 612 3459 si
632 3399 700 3474 quis
723 3399 886 3457 humanum
904 3393 980 3455 nihil

256 3480 393 3556 Quanvis
414 3492 533 3544 creatus
559 3503 689 3561 corpore
710 3484 854 3556 humano,
878 3482 968 3558 sapit.

256 3564 318 3626 Sed
337 3567 390 3626 ille
410 3576 442 3627 et
462 3568 536 3629 olim
557 3569 697 3646 primitus
717 3569 807 3628 domo
829 3567 936 3628 exiens
