<?xml version="1.0" encoding="UTF-8"?>
<!DOCTYPE html PUBLIC "-//W3C//DTD XHTML 1.0 Transitional//EN"
    "http://www.w3.org/TR/xhtml1/DTD/xhtml1-transitional.dtd">
<html xmlns="http://www.w3.org/1999/xhtml" xml:lang="en" lang="en">
 <head>
  <title>
</title>
<meta http-equiv="Content-Type" content="text/html;charset=utf-8" />
  <meta name='ocr-system' content='tesseract 3.04.00' />
  <meta name='ocr-capabilities' content='ocr_page ocr_carea ocr_par ocr_line ocrx_word'/>
</head>
<body>
  <div class='ocr_page' id='page_1' title='image "./iosephiscaliger01scalgoog_0379.png"; bbox 0 0 2586 4214; ppageno 0'>
   <div class='ocr_carea' id='block_1_1' title="bbox 669 346 733 406">
    <p class='ocr_par' dir='ltr' id='par_1_1' title="bbox 669 346 733 406">
     <span class='ocr_line' id='line_1_1' title="bbox 669 346 733 406; baseline -0.016 0"><span class='ocrx_word' id='word_1_1' title='bbox 669 346 733 406; x_wconf 72' lang='lat'>374</span> 
     </span>
    </p>
   </div>
   <div class='ocr_carea' id='block_1_2' title="bbox 241 498 1163 1190">
    <p class='ocr_par' dir='ltr' id='par_1_2' title="bbox 241 498 1163 850">
     <span class='ocr_line' id='line_1_2' title="bbox 245 498 1163 597; baseline -0.001 -21"><span class='ocrx_word' id='word_1_2' title='bbox 245 498 458 594; x_wconf 66' lang='lat' dir='ltr'>Terrigenamt</span> <span class='ocrx_word' id='word_1_3' title='bbox 481 517 630 594; x_wconf 86' lang='lat' dir='ltr'>sirempse</span> <span class='ocrx_word' id='word_1_4' title='bbox 643 534 732 590; x_wconf 86' lang='lat' dir='ltr'>voco,</span> <span class='ocrx_word' id='word_1_5' title='bbox 747 526 987 597; x_wconf 85' lang='lat' dir='ltr'>aequoreamqne</span> <span class='ocrx_word' id='word_1_6' title='bbox 1000 515 1163 597; x_wconf 84' lang='lat' dir='ltr'>Paludem,</span> 
     </span>
     <span class='ocr_line' id='line_1_3' title="bbox 244 600 1074 680; baseline -0.004 -19"><span class='ocrx_word' id='word_1_7' title='bbox 244 603 285 661; x_wconf 77' lang='lat' dir='ltr'>Et</span> <span class='ocrx_word' id='word_1_8' title='bbox 305 601 482 660; x_wconf 84' lang='lat' dir='ltr'>vitulantem</span> <span class='ocrx_word' id='word_1_9' title='bbox 501 601 584 659; x_wconf 88' lang='lat' dir='ltr'>inter</span> <span class='ocrx_word' id='word_1_10' title='bbox 602 600 706 680; x_wconf 81' lang='lat' dir='ltr'>nigros</span> <span class='ocrx_word' id='word_1_11' title='bbox 728 602 879 660; x_wconf 75' lang='lat' dir='ltr'><strong>Lemures</strong></span> <span class='ocrx_word' id='word_1_12' title='bbox 897 600 1074 673; x_wconf 80' lang='lat' dir='ltr'>Libitinam,</span> 
     </span>
     <span class='ocr_line' id='line_1_4' title="bbox 245 685 1141 764; baseline 0.002 -20"><span class='ocrx_word' id='word_1_13' title='bbox 245 685 331 760; x_wconf 77' lang='lat' dir='ltr'>Quae</span> <span class='ocrx_word' id='word_1_14' title='bbox 350 687 421 763; x_wconf 77' lang='lat' dir='ltr'>loca</span> <span class='ocrx_word' id='word_1_15' title='bbox 440 694 529 746; x_wconf 86' lang='lat' dir='ltr'>vasta</span> <span class='ocrx_word' id='word_1_16' title='bbox 548 687 632 760; x_wconf 84' lang='lat' dir='ltr'>colit,</span> <span class='ocrx_word' id='word_1_17' title='bbox 661 705 817 746; x_wconf 89' lang='lat' dir='ltr'>cervorum</span> <span class='ocrx_word' id='word_1_18' title='bbox 840 705 978 764; x_wconf 76' lang='lat' dir='ltr'><strong>sanguen</strong></span> <span class='ocrx_word' id='word_1_19' title='bbox 998 686 1141 760; x_wconf 79' lang='lat' dir='ltr'>adulans,</span> 
     </span>
     <span class='ocr_line' id='line_1_5' title="bbox 241 770 1006 850; baseline -0.001 -18"><span class='ocrx_word' id='word_1_20' title='bbox 241 771 446 848; x_wconf 74' lang='lat' dir='ltr'>Omnipotens</span> <span class='ocrx_word' id='word_1_21' title='bbox 466 772 585 850; x_wconf 81' lang='lat' dir='ltr'>regina,</span> <span class='ocrx_word' id='word_1_22' title='bbox 604 770 747 845; x_wconf 82' lang='lat' dir='ltr'>Carraria,</span> <span class='ocrx_word' id='word_1_23' title='bbox 766 770 889 830; x_wconf 83' lang='lat' dir='ltr'>Noctua</span> <span class='ocrx_word' id='word_1_24' title='bbox 908 772 1006 849; x_wconf 84' lang='lat' dir='ltr'>virgo,</span> 
     </span>
    </p>

    <p class='ocr_par' dir='ltr' id='par_1_3' title="bbox 245 855 1045 934">
     <span class='ocr_line' id='line_1_6' title="bbox 245 855 1045 934; baseline -0.004 -18"><span class='ocrx_word' id='word_1_25' title='bbox 245 855 375 929; x_wconf 79' lang='lat' dir='ltr'>Carnes,</span> <span class='ocrx_word' id='word_1_26' title='bbox 398 857 538 934; x_wconf 86' lang='lat' dir='ltr'>perpetui</span> <span class='ocrx_word' id='word_1_27' title='bbox 558 858 662 915; x_wconf 88' lang='lat' dir='ltr'>mundi</span> <span class='ocrx_word' id='word_1_28' title='bbox 686 857 816 932; x_wconf 87' lang='lat' dir='ltr'>Bupetia</span> <span class='ocrx_word' id='word_1_29' title='bbox 838 863 954 928; x_wconf 89' lang='lat' dir='ltr'>sancta,</span> <span class='ocrx_word' id='word_1_30' title='bbox 1038 882 1045 894; x_wconf 42' lang='lat' dir='ltr'>x</span> 
     </span>
    </p>

    <p class='ocr_par' dir='ltr' id='par_1_4' title="bbox 243 941 1148 1099">
     <span class='ocr_line' id='line_1_7' title="bbox 243 941 1148 1020; baseline -0.004 -19"><span class='ocrx_word' id='word_1_31' title='bbox 243 941 330 1017; x_wconf 86' lang='lat' dir='ltr'>Dux,</span> <span class='ocrx_word' id='word_1_32' title='bbox 351 943 427 1017; x_wconf 79' lang='lat' dir='ltr'>vira,</span> <span class='ocrx_word' id='word_1_33' title='bbox 448 942 571 1014; x_wconf 82' lang='lat' dir='ltr'>Remis,</span> <span class='ocrx_word' id='word_1_34' title='bbox 593 941 675 1000; x_wconf 89' lang='lat' dir='ltr'>Diva</span> <span class='ocrx_word' id='word_1_35' title='bbox 692 960 808 1020; x_wconf 85' lang='lat' dir='ltr'>vagans</span> <span class='ocrx_word' id='word_1_36' title='bbox 830 960 885 1017; x_wconf 90' lang='lat' dir='ltr'>per</span> <span class='ocrx_word' id='word_1_37' title='bbox 907 959 1037 1017; x_wconf 87' lang='lat' dir='ltr'>scrupea</span> <span class='ocrx_word' id='word_1_38' title='bbox 1056 959 1148 1013; x_wconf 86' lang='lat' dir='ltr'>saxa,</span> 
     </span>
     <span class='ocr_line' id='line_1_8' title="bbox 244 1026 943 1099; baseline -0.003 -13"><span class='ocrx_word' id='word_1_39' title='bbox 244 1028 328 1086; x_wconf 90' lang='lat' dir='ltr'>Mitis</span> <span class='ocrx_word' id='word_1_40' title='bbox 351 1028 396 1085; x_wconf 87' lang='lat' dir='ltr'>uli</span> <span class='ocrx_word' id='word_1_41' title='bbox 418 1027 534 1087; x_wconf 84' lang='lat' dir='ltr'>nostris</span> <span class='ocrx_word' id='word_1_42' title='bbox 555 1028 677 1087; x_wconf 86' lang='lat' dir='ltr'>intersit</span> <span class='ocrx_word' id='word_1_43' title='bbox 699 1027 828 1086; x_wconf 86' lang='lat' dir='ltr'>candida</span> <span class='ocrx_word' id='word_1_44' title='bbox 850 1026 943 1099; x_wconf 83' lang='lat' dir='ltr'>votis,</span> 
     </span>
    </p>

    <p class='ocr_par' dir='ltr' id='par_1_5' title="bbox 243 1111 1085 1190">
     <span class='ocr_line' id='line_1_9' title="bbox 243 1111 1085 1190; baseline -0.004 -18"><span class='ocrx_word' id='word_1_45' title='bbox 243 1111 381 1172; x_wconf 90' lang='lat' dir='ltr'>Numina</span> <span class='ocrx_word' id='word_1_46' title='bbox 398 1112 554 1190; x_wconf 82' lang='lat' dir='ltr'>praesenti</span> <span class='ocrx_word' id='word_1_47' title='bbox 575 1120 698 1190; x_wconf 79' lang='lat' dir='ltr'>gratans</span> <span class='ocrx_word' id='word_1_48' title='bbox 719 1115 803 1172; x_wconf 88' lang='lat' dir='ltr'>bona</span> <span class='ocrx_word' id='word_1_49' title='bbox 822 1112 925 1170; x_wconf 82' lang='lat' dir='ltr'>fausta</span> <span class='ocrx_word' id='word_1_50' title='bbox 944 1111 1085 1169; x_wconf 84' lang='lat' dir='ltr'>bubulco.</span> 
     </span>
    </p>
   </div>
   <div class='ocr_carea' id='block_1_3' title="bbox 243 1279 1162 1954">
    <p class='ocr_par' dir='ltr' id='par_1_6' title="bbox 243 1279 1162 1954">
     <span class='ocr_line' id='line_1_10' title="bbox 430 1279 978 1360; baseline -0.002 -18"><span class='ocrx_word' id='word_1_51' title='bbox 430 1279 546 1358; x_wconf 75' lang='lat' dir='ltr'>Orphei</span> <span class='ocrx_word' id='word_1_52' title='bbox 565 1279 812 1360; x_wconf 74' lang='lat' dir='ltr'>indigitamenta</span> <span class='ocrx_word' id='word_1_53' title='bbox 833 1281 978 1343; x_wconf 83' lang='lat' dir='ltr'>Deorum.</span> 
     </span>
     <span class='ocr_line' id='line_1_11' title="bbox 248 1364 1046 1438; baseline 0.001 -17"><span class='ocrx_word' id='word_1_54' title='bbox 248 1369 260 1421; x_wconf 90' lang='lat' dir='ltr'>l</span> <span class='ocrx_word' id='word_1_55' title='bbox 373 1364 496 1424; x_wconf 78' lang='lat' dir='ltr'>Garoias</span> <span class='ocrx_word' id='word_1_56' title='bbox 514 1364 697 1425; x_wconf 77' lang='lat' dir='ltr'>Limentinae</span> <span class='ocrx_word' id='word_1_57' title='bbox 719 1369 877 1438; x_wconf 72' lang='lat' dir='ltr'>Furculae,</span> <span class='ocrx_word' id='word_1_58' title='bbox 895 1377 1046 1425; x_wconf 82' lang='lat' dir='ltr'>starocem.</span> 
     </span>
     <span class='ocr_line' id='line_1_12' title="bbox 243 1449 1018 1523; baseline -0.003 -15"><span class='ocrx_word' id='word_1_59' title='bbox 243 1449 338 1508; x_wconf 84' lang='lat' dir='ltr'>Adsis</span> <span class='ocrx_word' id='word_1_60' title='bbox 363 1450 574 1509; x_wconf 81' lang='lat' dir='ltr'>eveneranda</span> <span class='ocrx_word' id='word_1_61' title='bbox 595 1451 705 1519; x_wconf 72' lang='lat' dir='ltr'>Deum.</span> <span class='ocrx_word' id='word_1_62' title='bbox 724 1453 856 1511; x_wconf 88' lang='lat' dir='ltr'>Maiesta</span> <span class='ocrx_word' id='word_1_63' title='bbox 878 1449 1018 1523; x_wconf 84' lang='lat' dir='ltr'>Camilla,</span> 
     </span>
     <span class='ocr_line' id='line_1_13' title="bbox 243 1534 942 1608; baseline 0.001 -15"><span class='ocrx_word' id='word_1_64' title='bbox 243 1534 408 1594; x_wconf 72' lang='lat' dir='ltr'>Poetarum</span> <span class='ocrx_word' id='word_1_65' title='bbox 428 1536 559 1608; x_wconf 88' lang='lat' dir='ltr'>tutilina,</span> <span class='ocrx_word' id='word_1_66' title='bbox 583 1545 613 1595; x_wconf 89' lang='lat' dir='ltr'>et</span> <span class='ocrx_word' id='word_1_67' title='bbox 634 1537 752 1596; x_wconf 84' lang='lat' dir='ltr'>Lucina</span> <span class='ocrx_word' id='word_1_68' title='bbox 774 1537 942 1596; x_wconf 84' lang='lat' dir='ltr'>dolentum:</span> 
     </span>
     <span class='ocr_line' id='line_1_14' title="bbox 245 1617 976 1699; baseline 0.001 -20"><span class='ocrx_word' id='word_1_69' title='bbox 245 1617 372 1697; x_wconf 86' lang='lat' dir='ltr'>Sospita</span> <span class='ocrx_word' id='word_1_70' title='bbox 393 1621 536 1679; x_wconf 85' lang='lat' dir='ltr'>foeminei</span> <span class='ocrx_word' id='word_1_71' title='bbox 558 1623 636 1695; x_wconf 84' lang='lat' dir='ltr'>sexi,</span> <span class='ocrx_word' id='word_1_72' title='bbox 660 1623 800 1682; x_wconf 85' lang='lat' dir='ltr'>studiosa</span> <span class='ocrx_word' id='word_1_73' title='bbox 820 1622 976 1699; x_wconf 85' lang='lat' dir='ltr'>propagis,</span> 
     </span>
     <span class='ocr_line' id='line_1_15' title="bbox 243 1703 1162 1785; baseline 0.001 -22"><span class='ocrx_word' id='word_1_74' title='bbox 243 1703 432 1779; x_wconf 75' lang='lat' dir='ltr'>Numerio,</span> <span class='ocrx_word' id='word_1_75' title='bbox 455 1715 545 1782; x_wconf 88' lang='lat' dir='ltr'>atque</span> <span class='ocrx_word' id='word_1_76' title='bbox 566 1708 655 1767; x_wconf 91' lang='lat' dir='ltr'>novis</span> <span class='ocrx_word' id='word_1_77' title='bbox 673 1709 776 1785; x_wconf 89' lang='lat' dir='ltr'>nuptis</span> <span class='ocrx_word' id='word_1_78' title='bbox 795 1707 865 1765; x_wconf 88' lang='lat' dir='ltr'>Dea</span> <span class='ocrx_word' id='word_1_79' title='bbox 877 1705 1010 1765; x_wconf 81' lang='lat' dir='ltr'>Feronia</span> <span class='ocrx_word' id='word_1_80' title='bbox 1021 1722 1162 1781; x_wconf 87' lang='lat' dir='ltr'>praeses.</span> 
     </span>
     <span class='ocr_line' id='line_1_16' title="bbox 245 1787 1141 1868; baseline 0 -20"><span class='ocrx_word' id='word_1_81' title='bbox 245 1787 374 1864; x_wconf 80' lang='lat' dir='ltr'>Carnes,</span> <span class='ocrx_word' id='word_1_82' title='bbox 397 1792 564 1868; x_wconf 79' lang='lat' dir='ltr'>perfacilis,</span> <span class='ocrx_word' id='word_1_83' title='bbox 582 1793 740 1866; x_wconf 86' lang='lat' dir='ltr'>Picumna,</span> <span class='ocrx_word' id='word_1_84' title='bbox 767 1793 873 1850; x_wconf 89' lang='lat' dir='ltr'>eadem</span> <span class='ocrx_word' id='word_1_85' title='bbox 893 1791 1025 1849; x_wconf 91' lang='lat' dir='ltr'>omnibu&#39;</span> <span class='ocrx_word' id='word_1_86' title='bbox 1046 1790 1141 1849; x_wconf 90' lang='lat' dir='ltr'>mitis.</span> 
     </span>
     <span class='ocr_line' id='line_1_17' title="bbox 245 1873 1159 1954; baseline 0 -21"><span class='ocrx_word' id='word_1_87' title='bbox 245 1873 330 1948; x_wconf 78' lang='lat' dir='ltr'>Quae</span> <span class='ocrx_word' id='word_1_88' title='bbox 354 1883 530 1936; x_wconf 88' lang='lat' dir='ltr'>cunctorum</span> <span class='ocrx_word' id='word_1_89' title='bbox 542 1877 662 1937; x_wconf 87' lang='lat' dir='ltr'>habitas</span> <span class='ocrx_word' id='word_1_90' title='bbox 676 1879 780 1950; x_wconf 90' lang='lat' dir='ltr'>aedes,</span> <span class='ocrx_word' id='word_1_91' title='bbox 793 1877 960 1954; x_wconf 90' lang='lat' dir='ltr'>epulasque</span> <span class='ocrx_word' id='word_1_92' title='bbox 969 1876 1159 1952; x_wconf 82' lang='lat' dir='ltr'>frequentas.</span> 
     </span>
    </p>
   </div>
   <div class='ocr_carea' id='block_1_4' title="bbox 243 1957 1161 2123">
    <p class='ocr_par' dir='ltr' id='par_1_7' title="bbox 243 1957 1161 2123">
     <span class='ocr_line' id='line_1_18' title="bbox 245 1957 1141 2037; baseline 0 -19"><span class='ocrx_word' id='word_1_93' title='bbox 245 1957 356 2018; x_wconf 82' lang='lat' dir='ltr'>Cinxia</span> <span class='ocrx_word' id='word_1_94' title='bbox 376 1970 407 2019; x_wconf 87' lang='lat' dir='ltr'>et</span> <span class='ocrx_word' id='word_1_95' title='bbox 427 1962 538 2034; x_wconf 87' lang='lat' dir='ltr'>invisa,</span> <span class='ocrx_word' id='word_1_96' title='bbox 559 1970 608 2021; x_wconf 88' lang='lat' dir='ltr'>ast</span> <span class='ocrx_word' id='word_1_97' title='bbox 626 1963 716 2022; x_wconf 82' lang='lat' dir='ltr'>factis</span> <span class='ocrx_word' id='word_1_98' title='bbox 737 1962 842 2022; x_wconf 87' lang='lat' dir='ltr'>eadem</span> <span class='ocrx_word' id='word_1_99' title='bbox 861 1957 993 2020; x_wconf 83' lang='lat' dir='ltr'>omnibu’</span> <span class='ocrx_word' id='word_1_100' title='bbox 1016 1980 1141 2037; x_wconf 87' lang='lat' dir='ltr'>parens.</span> 
     </span>
     <span class='ocr_line' id='line_1_19' title="bbox 243 2042 1161 2123; baseline 0.002 -21"><span class='ocrx_word' id='word_1_101' title='bbox 243 2044 368 2103; x_wconf 76' lang='lat' dir='ltr'>Parium</span> <span class='ocrx_word' id='word_1_102' title='bbox 379 2064 501 2123; x_wconf 83' lang='lat' dir='ltr'>aegrum</span> <span class='ocrx_word' id='word_1_103' title='bbox 511 2047 673 2121; x_wconf 89' lang='lat' dir='ltr'>miserans,</span> <span class='ocrx_word' id='word_1_104' title='bbox 686 2066 810 2106; x_wconf 90' lang='lat' dir='ltr'>numero</span> <span class='ocrx_word' id='word_1_105' title='bbox 822 2042 990 2123; x_wconf 83' lang='lat' dir='ltr'>parentibu&#39;</span> <span class='ocrx_word' id='word_1_106' title='bbox 1006 2047 1161 2123; x_wconf 83' lang='lat' dir='ltr'>gaudens:</span> 
     </span>
    </p>
   </div>
   <div class='ocr_carea' id='block_1_5' title="bbox 242 2128 1148 2634">
    <p class='ocr_par' dir='ltr' id='par_1_8' title="bbox 243 2128 1117 2289">
     <span class='ocr_line' id='line_1_20' title="bbox 243 2128 1117 2210; baseline 0.003 -24"><span class='ocrx_word' id='word_1_107' title='bbox 243 2128 306 2187; x_wconf 90' lang='lat' dir='ltr'>Dia</span> <span class='ocrx_word' id='word_1_108' title='bbox 328 2131 477 2206; x_wconf 86' lang='lat' dir='ltr'>parunda,</span> <span class='ocrx_word' id='word_1_109' title='bbox 499 2131 587 2190; x_wconf 88' lang='lat' dir='ltr'>luens</span> <span class='ocrx_word' id='word_1_110' title='bbox 610 2140 759 2191; x_wconf 88' lang='lat' dir='ltr'>uterorum</span> <span class='ocrx_word' id='word_1_111' title='bbox 783 2132 951 2210; x_wconf 85' lang='lat' dir='ltr'>aegerrima</span> <span class='ocrx_word' id='word_1_112' title='bbox 972 2131 1117 2191; x_wconf 86' lang='lat' dir='ltr'>claustra.</span> 
     </span>
     <span class='ocr_line' id='line_1_21' title="bbox 244 2213 1019 2289; baseline 0.004 -18"><span class='ocrx_word' id='word_1_113' title='bbox 244 2213 291 2272; x_wconf 78' lang='lat' dir='ltr'>Te</span> <span class='ocrx_word' id='word_1_114' title='bbox 307 2213 411 2273; x_wconf 81' lang='lat' dir='ltr'>foetae</span> <span class='ocrx_word' id='word_1_115' title='bbox 434 2217 576 2289; x_wconf 87' lang='lat' dir='ltr'>vocitant,</span> <span class='ocrx_word' id='word_1_116' title='bbox 599 2218 738 2276; x_wconf 89' lang='lat' dir='ltr'>solamen</span> <span class='ocrx_word' id='word_1_117' title='bbox 759 2219 846 2276; x_wconf 89' lang='lat' dir='ltr'>dulce</span> <span class='ocrx_word' id='word_1_118' title='bbox 864 2217 1019 2275; x_wconf 77' lang='lat' dir='ltr'>laborumr</span> 
     </span>
    </p>

    <p class='ocr_par' dir='ltr' id='par_1_9' title="bbox 243 2298 1139 2461">
     <span class='ocr_line' id='line_1_22' title="bbox 243 2298 1139 2378; baseline 0.003 -22"><span class='ocrx_word' id='word_1_119' title='bbox 243 2298 325 2356; x_wconf 90' lang='lat' dir='ltr'>Nam</span> <span class='ocrx_word' id='word_1_120' title='bbox 348 2307 382 2358; x_wconf 90' lang='lat' dir='ltr'>tn</span> <span class='ocrx_word' id='word_1_121' title='bbox 400 2299 637 2376; x_wconf 83' lang='lat' dir='ltr'>foetiparentum</span> <span class='ocrx_word' id='word_1_122' title='bbox 661 2311 814 2361; x_wconf 87' lang='lat' dir='ltr'>uterorum</span> <span class='ocrx_word' id='word_1_123' title='bbox 837 2302 968 2360; x_wconf 84' lang='lat' dir='ltr'>claustra</span> <span class='ocrx_word' id='word_1_124' title='bbox 984 2301 1139 2378; x_wconf 84' lang='lat' dir='ltr'>resignas.</span> 
     </span>
     <span class='ocr_line' id='line_1_23' title="bbox 245 2384 929 2461; baseline 0.001 -17"><span class='ocrx_word' id='word_1_125' title='bbox 245 2385 273 2444; x_wconf 95' lang='grc' dir='ltr'>Ο</span> <span class='ocrx_word' id='word_1_126' title='bbox 295 2384 432 2445; x_wconf 82' lang='lat' dir='ltr'>Paetuna</span> <span class='ocrx_word' id='word_1_127' title='bbox 452 2385 565 2460; x_wconf 87' lang='lat' dir='ltr'>Diana,</span> <span class='ocrx_word' id='word_1_128' title='bbox 585 2387 727 2461; x_wconf 86' lang='lat' dir='ltr'>Palatua,</span> <span class='ocrx_word' id='word_1_129' title='bbox 746 2388 929 2446; x_wconf 85' lang='lat' dir='ltr'>Limentina.</span> 
     </span>
    </p>

    <p class='ocr_par' dir='ltr' id='par_1_10' title="bbox 242 2469 1148 2634">
     <span class='ocr_line' id='line_1_24' title="bbox 244 2469 1148 2549; baseline 0.001 -20"><span class='ocrx_word' id='word_1_130' title='bbox 244 2469 357 2529; x_wconf 81' lang='lat' dir='ltr'>Suffice</span> <span class='ocrx_word' id='word_1_131' title='bbox 378 2472 497 2548; x_wconf 91' lang='lat' dir='ltr'>prolem</span> <span class='ocrx_word' id='word_1_132' title='bbox 517 2472 639 2546; x_wconf 92' lang='lat' dir='ltr'>almam,</span> <span class='ocrx_word' id='word_1_133' title='bbox 661 2474 749 2531; x_wconf 88' lang='lat' dir='ltr'>titula</span> <span class='ocrx_word' id='word_1_134' title='bbox 768 2473 894 2532; x_wconf 86' lang='lat' dir='ltr'>adstans</span> <span class='ocrx_word' id='word_1_135' title='bbox 914 2471 1148 2549; x_wconf 79' lang='lat' dir='ltr'>parturientem.</span> 
     </span>
     <span class='ocr_line' id='line_1_25' title="bbox 242 2555 1118 2634; baseline 0.005 -22"><span class='ocrx_word' id='word_1_136' title='bbox 242 2555 283 2612; x_wconf 83' lang='lat' dir='ltr'>Et</span> <span class='ocrx_word' id='word_1_137' title='bbox 303 2574 403 2629; x_wconf 88' lang='lat' dir='ltr'>serva,</span> <span class='ocrx_word' id='word_1_138' title='bbox 428 2557 563 2615; x_wconf 88' lang='lat' dir='ltr'>omnium</span> <span class='ocrx_word' id='word_1_139' title='bbox 584 2559 629 2616; x_wconf 88' lang='lat' dir='ltr'>uti</span> <span class='ocrx_word' id='word_1_140' title='bbox 648 2558 724 2618; x_wconf 91' lang='lat' dir='ltr'>cluis</span> <span class='ocrx_word' id='word_1_141' title='bbox 747 2576 869 2634; x_wconf 82' lang='lat' dir='ltr'>semper</span> <span class='ocrx_word' id='word_1_142' title='bbox 889 2558 1009 2634; x_wconf 88' lang='lat' dir='ltr'>sospita</span> <span class='ocrx_word' id='word_1_143' title='bbox 1029 2556 1118 2616; x_wconf 82' lang='lat' dir='ltr'>Iuno.</span> 
     </span>
    </p>
   </div>
   <div class='ocr_carea' id='block_1_6' title="bbox 242 2723 1147 2887">
    <p class='ocr_par' dir='ltr' id='par_1_11' title="bbox 242 2723 1147 2887">
     <span class='ocr_line' id='line_1_26' title="bbox 243 2723 897 2804; baseline 0.008 -24"><span class='ocrx_word' id='word_1_144' title='bbox 243 2723 263 2780; x_wconf 88' lang='grc'>2</span> <span class='ocrx_word' id='word_1_145' title='bbox 507 2727 614 2785; x_wconf 78' lang='lat' dir='ltr'>Noctis</span> <span class='ocrx_word' id='word_1_146' title='bbox 632 2729 773 2804; x_wconf 78' lang='lat' dir='ltr'>suffimen,</span> <span class='ocrx_word' id='word_1_147' title='bbox 799 2737 897 2786; x_wconf 81' lang='lat' dir='ltr'>torres.</span> 
     </span>
     <span class='ocr_line' id='line_1_27' title="bbox 242 2806 1147 2887; baseline 0.003 -23"><span class='ocrx_word' id='word_1_148' title='bbox 242 2806 320 2865; x_wconf 91' lang='lat' dir='ltr'>Tete</span> <span class='ocrx_word' id='word_1_149' title='bbox 338 2807 419 2869; x_wconf 89' lang='lat' dir='ltr'>Diva</span> <span class='ocrx_word' id='word_1_150' title='bbox 436 2828 509 2869; x_wconf 88' lang='lat' dir='ltr'>voco</span> <span class='ocrx_word' id='word_1_151' title='bbox 527 2812 720 2887; x_wconf 87' lang='lat' dir='ltr'>omniparens</span> <span class='ocrx_word' id='word_1_152' title='bbox 735 2806 907 2886; x_wconf 81' lang='lat' dir='ltr'>Divum&#39;que</span> <span class='ocrx_word' id='word_1_153' title='bbox 922 2811 1147 2884; x_wconf 85' lang='lat' dir='ltr'>hominumque.</span> 
     </span>
    </p>
   </div>
   <div class='ocr_carea' id='block_1_7' title="bbox 143 2892 1159 2975">
    <p class='ocr_par' dir='ltr' id='par_1_12' title="bbox 143 2892 1159 2975">
     <span class='ocr_line' id='line_1_28' title="bbox 143 2892 1159 2975; baseline 0.002 -26"><span class='ocrx_word' id='word_1_154' title='bbox 143 2970 145 2975; x_wconf 9' lang='grc' dir='ltr'><em>γ</em></span> <span class='ocrx_word' id='word_1_155' title='bbox 241 2892 429 2969; x_wconf 89' lang='lat' dir='ltr'>Principium</span> <span class='ocrx_word' id='word_1_156' title='bbox 442 2902 489 2954; x_wconf 91' lang='lat' dir='ltr'>est</span> <span class='ocrx_word' id='word_1_157' title='bbox 499 2893 575 2954; x_wconf 87' lang='lat' dir='ltr'>Nox</span> <span class='ocrx_word' id='word_1_158' title='bbox 586 2898 729 2970; x_wconf 89' lang='lat' dir='ltr'>omnium,</span> <span class='ocrx_word' id='word_1_159' title='bbox 752 2905 781 2955; x_wconf 89' lang='lat' dir='ltr'>et</span> <span class='ocrx_word' id='word_1_160' title='bbox 796 2904 844 2955; x_wconf 92' lang='lat' dir='ltr'>est</span> <span class='ocrx_word' id='word_1_161' title='bbox 854 2895 926 2955; x_wconf 88' lang='lat' dir='ltr'>Nox</span> <span class='ocrx_word' id='word_1_162' title='bbox 936 2895 1048 2954; x_wconf 87' lang='lat' dir='ltr'>Murtia</span> <span class='ocrx_word' id='word_1_163' title='bbox 1057 2894 1159 2955; x_wconf 86' lang='lat' dir='ltr'>nobis.</span> 
     </span>
    </p>
   </div>
   <div class='ocr_carea' id='block_1_8' title="bbox 234 2977 1159 3651">
    <p class='ocr_par' dir='ltr' id='par_1_13' title="bbox 241 2977 941 3059">
     <span class='ocr_line' id='line_1_29' title="bbox 241 2977 941 3059; baseline 0.003 -21"><span class='ocrx_word' id='word_1_164' title='bbox 241 2977 323 3038; x_wconf 85' lang='lat' dir='ltr'>Audi</span> <span class='ocrx_word' id='word_1_165' title='bbox 341 2977 423 3038; x_wconf 89' lang='lat' dir='ltr'>Diva</span> <span class='ocrx_word' id='word_1_166' title='bbox 441 2998 567 3056; x_wconf 85' lang='lat' dir='ltr'>parens,</span> <span class='ocrx_word' id='word_1_167' title='bbox 595 2982 743 3059; x_wconf 76' lang='lat' dir='ltr'>caligam,</span> <span class='ocrx_word' id='word_1_168' title='bbox 769 2982 941 3040; x_wconf 87' lang='lat' dir='ltr'>sideriluca.</span> 
     </span>
    </p>

    <p class='ocr_par' dir='ltr' id='par_1_14' title="bbox 234 3063 1159 3560">
     <span class='ocr_line' id='line_1_30' title="bbox 243 3063 1135 3143; baseline -0.002 -21"><span class='ocrx_word' id='word_1_169' title='bbox 243 3063 331 3139; x_wconf 81' lang='lat' dir='ltr'>Quae</span> <span class='ocrx_word' id='word_1_170' title='bbox 352 3063 422 3122; x_wconf 91' lang='lat' dir='ltr'>loca</span> <span class='ocrx_word' id='word_1_171' title='bbox 439 3066 528 3143; x_wconf 85' lang='lat' dir='ltr'>pigra</span> <span class='ocrx_word' id='word_1_172' title='bbox 548 3066 633 3139; x_wconf 85' lang='lat' dir='ltr'>colis,</span> <span class='ocrx_word' id='word_1_173' title='bbox 654 3086 817 3142; x_wconf 88' lang='lat' dir='ltr'>somnoque</span> <span class='ocrx_word' id='word_1_174' title='bbox 837 3065 1002 3124; x_wconf 87' lang='lat' dir='ltr'>habitanda</span> <span class='ocrx_word' id='word_1_175' title='bbox 1019 3063 1135 3123; x_wconf 86' lang='lat' dir='ltr'>silenti.</span> 
     </span>
     <span class='ocr_line' id='line_1_31' title="bbox 237 3148 1104 3229; baseline 0.001 -24"><span class='ocrx_word' id='word_1_176' title='bbox 237 3148 387 3221; x_wconf 80' lang='lat' dir='ltr'>Iucunda,</span> <span class='ocrx_word' id='word_1_177' title='bbox 409 3156 439 3206; x_wconf 88' lang='lat' dir='ltr'>et</span> <span class='ocrx_word' id='word_1_178' title='bbox 456 3169 584 3226; x_wconf 83' lang='lat' dir='ltr'>pernox,</span> <span class='ocrx_word' id='word_1_179' title='bbox 608 3152 811 3229; x_wconf 89' lang='lat' dir='ltr'>epulonaque,</span> <span class='ocrx_word' id='word_1_180' title='bbox 834 3153 955 3211; x_wconf 87' lang='lat' dir='ltr'>somnia</span> <span class='ocrx_word' id='word_1_181' title='bbox 972 3151 1104 3228; x_wconf 84' lang='lat' dir='ltr'>gignens</span> 
     </span>
     <span class='ocr_line' id='line_1_32' title="bbox 234 3231 1145 3314; baseline 0.002 -24"><span class='ocrx_word' id='word_1_182' title='bbox 234 3231 397 3311; x_wconf 73' lang='lat' dir='ltr'>Ourifnga,</span> <span class='ocrx_word' id='word_1_183' title='bbox 420 3242 511 3311; x_wconf 83' lang='lat' dir='ltr'>atque</span> <span class='ocrx_word' id='word_1_184' title='bbox 532 3237 665 3312; x_wconf 91' lang='lat' dir='ltr'>optanda</span> <span class='ocrx_word' id='word_1_185' title='bbox 685 3237 771 3311; x_wconf 87' lang='lat' dir='ltr'>quies</span> <span class='ocrx_word' id='word_1_186' title='bbox 793 3237 1003 3314; x_wconf 87' lang='lat' dir='ltr'>placidissima</span> <span class='ocrx_word' id='word_1_187' title='bbox 1021 3253 1145 3293; x_wconf 55' lang='lat' dir='ltr'>rernmr</span> 
     </span>
     <span class='ocr_line' id='line_1_33' title="bbox 241 3316 1159 3397; baseline 0.003 -19"><span class='ocrx_word' id='word_1_188' title='bbox 241 3316 420 3392; x_wconf 89' lang='lat' dir='ltr'>Somnidua,</span> <span class='ocrx_word' id='word_1_189' title='bbox 441 3320 575 3379; x_wconf 89' lang='lat' dir='ltr'>omnium</span> <span class='ocrx_word' id='word_1_190' title='bbox 598 3323 707 3395; x_wconf 86' lang='lat' dir='ltr'>amica,</span> <span class='ocrx_word' id='word_1_191' title='bbox 725 3330 756 3380; x_wconf 90' lang='lat' dir='ltr'>et</span> <span class='ocrx_word' id='word_1_192' title='bbox 773 3322 898 3397; x_wconf 92' lang='lat' dir='ltr'>equiria,</span> <span class='ocrx_word' id='word_1_193' title='bbox 914 3320 1159 3394; x_wconf 71' lang='lat' dir='ltr'>&#39;nocticrepusca-</span> 
     </span>
     <span class='ocr_line' id='line_1_34' title="bbox 239 3403 1026 3480; baseline 0.003 -20"><span class='ocrx_word' id='word_1_194' title='bbox 239 3403 433 3477; x_wconf 75' lang='lat' dir='ltr'>Imperfecta,</span> <span class='ocrx_word' id='word_1_195' title='bbox 457 3405 563 3463; x_wconf 90' lang='lat' dir='ltr'>eadem</span> <span class='ocrx_word' id='word_1_196' title='bbox 584 3407 748 3480; x_wconf 87' lang='lat' dir='ltr'>terrestris,</span> <span class='ocrx_word' id='word_1_197' title='bbox 770 3407 885 3465; x_wconf 86' lang='lat' dir='ltr'>coelice</span> <span class='ocrx_word' id='word_1_198' title='bbox 905 3424 1026 3465; x_wconf 82' lang='lat' dir='ltr'>rursus:</span> 
     </span>
     <span class='ocr_line' id='line_1_35' title="bbox 240 3487 1013 3560; baseline 0.005 -16"><span class='ocrx_word' id='word_1_199' title='bbox 240 3487 384 3560; x_wconf 88' lang='lat' dir='ltr'>Vortens,</span> <span class='ocrx_word' id='word_1_200' title='bbox 404 3491 583 3549; x_wconf 89' lang='lat' dir='ltr'>omnimodis</span> <span class='ocrx_word' id='word_1_201' title='bbox 603 3490 672 3549; x_wconf 92' lang='lat' dir='ltr'>Dea</span> <span class='ocrx_word' id='word_1_202' title='bbox 690 3491 882 3551; x_wconf 71' lang='lat' dir='ltr'>&#39;Mostellaria</span> <span class='ocrx_word' id='word_1_203' title='bbox 901 3492 1013 3550; x_wconf 86' lang='lat' dir='ltr'>ludens</span> 
     </span>
    </p>

    <p class='ocr_par' dir='ltr' id='par_1_15' title="bbox 241 3571 1125 3651">
     <span class='ocr_line' id='line_1_36' title="bbox 241 3571 1125 3651; baseline 0.006 -24"><span class='ocrx_word' id='word_1_204' title='bbox 241 3571 329 3646; x_wconf 81' lang='lat' dir='ltr'>Quae</span> <span class='ocrx_word' id='word_1_205' title='bbox 349 3573 449 3646; x_wconf 79' lang='lat' dir='ltr'>lucem</span> <span class='ocrx_word' id='word_1_206' title='bbox 470 3575 560 3651; x_wconf 81' lang='lat' dir='ltr'>legas</span> <span class='ocrx_word' id='word_1_207' title='bbox 578 3577 636 3634; x_wconf 85' lang='lat' dir='ltr'>sub</span> <span class='ocrx_word' id='word_1_208' title='bbox 660 3577 800 3651; x_wconf 76' lang='lat' dir='ltr'>Tartara,</span> <span class='ocrx_word' id='word_1_209' title='bbox 818 3596 925 3637; x_wconf 88' lang='lat' dir='ltr'>rursus</span> <span class='ocrx_word' id='word_1_210' title='bbox 947 3577 987 3635; x_wconf 88' lang='lat' dir='ltr'>ad</span> <span class='ocrx_word' id='word_1_211' title='bbox 999 3575 1125 3634; x_wconf 25' lang='lat' dir='ltr'>,Oreum</span> 
     </span>
    </p>
   </div>
   <div class='ocr_carea' id='block_1_9' title="bbox 0 0 1298 4214">
    <p class='ocr_par' dir='ltr' id='par_1_16' title="bbox 0 0 1298 4214">
     <span class='ocr_line' id='line_1_37' title="bbox 0 0 1298 4214; baseline 0 0"><span class='ocrx_word' id='word_1_212' title='bbox 0 0 1298 4214; x_wconf 95' lang='lat' dir='ltr'> </span> 
     </span>
    </p>
   </div>
  </div>
 </body>
</html>
