2586 4214
510 345 661 440 ‚392-

121 497 260 587 Dictum‚
281 513 482 590 profanumve
499 513 532 571 in
553 514 639 574 De'os
663 514 795 590 effatus,

121 597 192 657 Nec
213 598 395 671 insolescas,
416 598 444 657 si
461 598 514 657 ‘vel
534 600 590 657 ulli
611 601 764 677 praenites

121 682 245 742 Virtute
267 682 351 754 belli,
376 683 441 742 sive
460 683 555 743 vastis
579 685 682 761 copiis.

121 767 266 844 Namque
286 787 348 826 una
368 768 458 840 tollit,
480 788 542 829 una
562 769 704 847 deprimit
724 770 789 829 dies

121 853 301 912 Mcrtalium
323 872 384 926 res,
408 861 438 911 et
459 855 533 912 boni
555 873 675 933 semper
695 855 753 914 viri

123 937 225 998 carae
245 937 321 997 Deis
344 946 424 1010 sunt,
448 947 553 997 contra
575 948 607 999 at
628 942 721 1011 invisi
740 939 824 999 mali.

525 1023 651 1085 chorus.

74 1130 76 1134 ’
124 1105 357 1179 Telamoniada,
380 1107 431 1181 qui
450 1107 629 1168 fundamina

124 1189 291 1252 Salaminis
313 1192 408 1249 habes
431 1192 518 1251 firma
539 1196 691 1257 marinae:

123 1275 211 1335 Bene
231 1295 298 1334 cum
317 1276 372 1334 tibi
391 1277 435 1349 fit,
457 1278 535 1336 bene
555 1280 664 1341 lactor.

124 1359 203 1420 Cum
225 1369 255 1418 te
274 1361 395 1419 inimico
416 1361 560 1440 languere
581 1367 656 1425 Iove

123 1445 236 1504 Differt
258 1444 400 1504 Danaum
420 1448 503 1505 fama
523 1450 666 1528 maligna,

123 1532 213 1590 Mens
236 1531 309 1588 mihi
329 1531 450 1608 refugit,
475 1540 614 1609 totusque
635 1544 746 1608 trema·

124 1615 262 1693 Trepida
281 1623 314 1674 ut
334 1624 450 1675 terrore
474 1618 621 1680 columba.

124 1700 167 1760 Ut
184 1701 347 1776 praeterita
368 1710 459 1760 nocte
483 1705 627 1765 tumultus

120 1784 194 1866 ¹Nos
214 1786 395 1863 famigerant
413 1804 533 1846 rumore
553 1790 644 1863 malo,

124 1870 172 1928 Te
194 1872 273 1948 pede
290 1871 396 1930 rabido
419 1872 637 1953 persultantem

123 1955 228 2015 Ubera
248 1956 324 2031 prati
346 1957 543 2032 praedatitias

124 2039 266 2119 Danaum
287 2041 432 2117 pecudes,

124 2126 212 2202 Quae
234 2145 326 2203 super
347 2126 424 2201 ipsis
447 2128 567 2186 fuerant
587 2128 732 2204 reliquae,

123 2209 217 2270 Ferro
236 2219 377 2270 vastasse
396 2221 530 2271 cruento.

125 2295 214 2354 Talia
236 2296 314 2356 fictis
335 2297 446 2371 probra
468 2298 601 2358 susurris
645 2318 647 2323 ’

126 2381 268 2441 Omnium
289 2381 321 2439 iu
342 2399 430 2441 aures
452 2383 569 2459 spargit
589 2382 730 2459 Ulysses.

125 2461 266 2525 Creditur
287 2465 350 2522 illi:
373 2485 429 2524 nec
451 2467 517 2526 sine
538 2466 630 2524 multa

125 2548 227 2611 Suada
250 2550 415 2626 excipitur:
441 2569 550 2609 suasus
572 2559 602 2608 et
622 2551 690 2627 ipse

125 2632 261 2696 Suascre
280 2630 375 2713 magis
397 2637 504 2712 strepit
526 2634 664 2708 auditor,v

124 2719 192 2777 Tua
213 2719 278 2778 risu
297 2721 375 2778 facta
394 2721 561 2780 lacessens.

125 2802 184 2877 Qui
205 2823 314 2883 magna
336 2806 412 2881 petit
434 2822 563 2881 corpora
585 2803 648 2862 telo
761 2879 764 2884 ι

123 2888 236 2948 Nullus
262 2891 390 2952 aberrat.
413 2889 535 2949 Dixerit
555 2889 587 2947 in
607 2908 656 2946 me

125 2972 201 3047 Quis
221 2973 293 3049 tale,
316 2976 407 3033 fidem
426 2976 528 3034 nullus
551 2974 682 3032 habebit.

123 3057 205 3118 Nam
228 3059 334 3119 felices
357 3058 433 3136 petit
453 3059 577 3118 invidia.

123 3145 166 3202 At
187 3145 254 3203 sine
274 3146 393 3222 magnis
416 3145 478 3221 ipsi
498 3144 584 3222 parvi

124 3228 257 3288 Intutum
282 3231 360 3288 arcis
384 3238 457 3288 sunt
478 3228 670 3304 praesidium.

123 3312 204 3373 Nam
228 3332 294 3373 cum
318 3314 408 3374 divite
430 3315 508 3372 benc
526 3314 613 3388 plebs
636 3332 701 3371 rem
720 3311 807 3389 gerit,

123 3397 222 3457 Dives
247 3417 313 3458 cum
331 3399 421 3476 plebe
444 3399 573 3458 fovetur.

124 3481 237 3542 Verum
259 3484 333 3542 talia
356 3503 448 3544 sensa
471 3484 578 3541 docere

124 3567 198 3628 Nun
220 3569 326 3646 possis
350 3570 440 3628 corda
464 3568 579 3644 supina.
