2604 4210
526 376 678 471 E„

146 543 285 620 Namque
306 552 359 604 tuo
382 545 532 624 extinguis
553 565 663 624 corpus
684 546 874 622 animamque
895 565 1014 623 sopore,

146 628 274 702 Quando
296 631 465 707 perrumpis
485 638 611 690 naturae
632 630 733 691 vivida
755 631 896 705 claustra,

147 712 247 774 caeca
267 715 424 774 hominnm
446 716 571 795 signans
592 726 715 777 aeterno
737 715 853 775 lumina
875 735 993 776 somno.

147 795 291 860 Omnibn’
314 801 495 874 communis,
511 801 581 860 aliis
602 802 712 860 iniuria
732 801 853 878 partim,

146 885 307 944 Florentes
331 886 488 963 stingnens
508 894 622 946 aetates
643 887 748 945 funere
773 886 890 944 acerbo.

147 970 260 1031 Omnia
280 988 351 1028 nam
372 985 511 1030 concreta
532 972 564 1030 in
587 980 618 1029 te
640 972 709 1031 sola
726 967 938 1030 absoliiuntur:

146 1054 228 1115 Nam
249 1074 346 1131 neque
367 1056 537 1133 suppliciis,
564 1077 663 1134 neque
684 1058 761 1117 rotis
784 1062 908 1133 pectora
928 1054 1054 1131 frangis.

147 1140 249 1217 Quare
270 1160 288 1199 o
310 1149 415 1199 sancta
434 1143 515 1214 veni,
540 1142 632 1220 longo
652 1151 726 1219 post
746 1150 882 1217 tempore
904 1139 993 1211 vitae,

147 1225 236 1302 Quod
254 1232 283 1282 te
306 1225 465 1302 suppliciis
488 1234 519 1284 et
542 1228 623 1287 votis
646 1229 843 1298 obtestamur,

146 1311 188 1370 Ut
207 1310 326 1369 felicem
347 1310 480 1369 habeant
500 1312 637 1372 homines
657 1314 828 1388 claramque
852 1317 1015 1372 senectam.

297 1405 423 1456 Vertobat
447 1406 500 1457 Ios.
520 1405 588 1460 Seni.
608 1409 675 1458 intra
691 1411 806 1474 quinquo
823 1409 922 1458 dierum
938 1406 1058 1471 spatium.

163 1591 287 1641 Eiusdem
312 1590 363 1641 Ios.
381 1590 450 1645 Scal.
469 1594 649 1643 annotationes
667 1594 694 1642 in
713 1593 829 1658 Hymnus
850 1594 1041 1659 praecedentes.

199 1657 251 1708 Hic
274 1657 339 1707 liber
357 1676 408 1710 non
426 1662 533 1728 proprie
557 1669 616 1711 sunt
633 1658 724 1728 ὕμνοι,
749 1661 793 1711 sed
816 1659 925 1712 τελεταί.
949 1675 1009 1708 nam
1029 1659 1059 1708 in

147 1728 254 1794 Hymnis
262 1727 375 1789 natalia,
384 1737 468 1795 qesta,
487 1737 512 1778 et
523 1730 644 1780 dusmodi
652 1738 811 1779 narramur:
835 1730 876 1779 bic
884 1744 945 1779 aero
958 1734 1059 1777 tantum

146 1796 321 1847 invocationes
342 1796 468 1859 Deorum,
495 1797 583 1864 quibus
605 1797 745 1848 utebantur
773 1798 801 1846 in
819 1797 947 1863 mysteriis
964 1797 994 1855 ii,
1015 1796 1059 1861 qui

147 1865 231 1916 sacris
251 1866 393 1932 cuiuspiam
407 1865 453 1916 Dei
465 1866 645 1917 initiarenturr
673 1866 739 1917 Sunt
757 1867 835 1916 etiam
854 1867 890 1916 ad
907 1864 1059 1933 depellenda

147 1934 220 1984 main
238 1934 342 1985 adiecti.
377 1934 449 1996 Quae
466 1936 551 1985 omnia
563 1944 648 1986 tamen
657 1937 722 2000 fiunt
734 1934 923 2002 copuomiuibus
934 1933 1059 1999 mysticis.

149 2003 201 2052 Sed
219 2002 314 2054 Graeci
335 2004 364 2053 iu
383 2003 432 2054 boc
447 2021 555 2071 prorsus
577 2013 644 2057 sunt.
682 2003 776 2054 Latine
802 2003 902 2072 quidem
918 2003 997 2053 Initia
1014 2002 1057 2051 in-

149 2069 228 2120 scribi
246 2080 340 2138 petrat,
359 2080 388 2123 ut
405 2073 560 2139 respondeat
584 2073 684 2124 Graeco
702 2072 778 2123 aerbo
793 2070 907 2124 miscui:
934 2070 979 2121 sed
995 2071 1057 2137 quiu

124 2142 127 2148 '
151 2147 230 2189 totum
246 2140 434 2207 capnominibus
454 2142 565 2192 Deorum
585 2151 696 2205 constat,
714 2143 803 2193 melius
819 2140 971 2193 inscribitur
987 2140 1057 2190 Indi·

147 2210 299 2272 gitamenta.
340 2209 441 2261 Veteres
459 2213 524 2261 enim
535 2211 633 2274 Latini,
653 2229 714 2280 puos
731 2212 827 2263 Gracci
842 2218 938 2261 uocant
951 2206 1059 2326 ὔῑινους,

147 2278 158 2327 i
175 2278 198 2327 si
215 2280 348 2328 nominant
369 2280 535 2342 Assumenta,
556 2298 622 2347 puae
639 2280 740 2331 scilicet
753 2280 895 2346 separatim
907 2279 935 2328 in
945 2280 1060 2343 atquem

173 2362 229 2395 eum
250 2355 386 2409 canuntur,
402 2350 430 2398 in
447 2349 536 2415 quibus
554 2357 628 2415 qesta
645 2357 670 2398 et
685 2350 794 2399 virtutes
808 2349 861 2398 eius
875 2347 922 2396 Dei
941 2344 1060 2396 celebra-

147 2420 219 2473 runt,
241 2422 271 2462 ut
298 2413 363 2464 alibi
384 2417 467 2477 susim
488 2418 608 2468 dicimus.
649 2417 686 2466 At
708 2418 907 2479 Indigitamenta
923 2420 1059 2472 uocarunt,

148 2482 175 2531 iu
201 2480 290 2546 quibus
310 2481 422 2532 Deonam
447 2486 598 2551 eopnomina
623 2486 700 2534 ouria
717 2492 808 2534 essent.
846 2483 944 2532 Eorum
965 2480 1061 2533 Graeci

148 2548 198 2599 duo
225 2565 322 2614 penora
344 2551 476 2611 fecerunt:
497 2569 558 2601 nam
576 2551 688 2619 κλητοὺς
711 2549 807 2619 ὕμνους
833 2558 961 2601 uocarunt
979 2550 1057 2600 auci-

150 2617 245 2668 liurum
264 2625 288 2666 et
305 2618 447 2679 fauentium
462 2619 581 2681 Deorum,
602 2620 791 2690 ἀποτροπαίους
810 2628 894 2670 autem
907 2619 1060 2678 nocentium,

148 2703 215 2755 quae
234 2695 311 2736 oocat
333 2685 456 2753 Virgilius
473 2689 548 2738 luera
565 2689 680 2739 numina..
719 2689 817 2739 Horum
836 2689 947 2756 primum
966 2704 999 2738 ee
1013 2704 1060 2738 oe-

149 2764 203 2805 tere
223 2754 312 2822 linpua
321 2754 417 2806 Latina
428 2755 589 2817 Caiatorinm
607 2773 726 2820 carmen3
744 2756 864 2818 altanum,
882 2756 1060 2807 Aremnncaie

148 2840 243 2874 uocare
280 2840 402 2874 assumus.
444 2824 539 2888 Quare,
563 2833 593 2877 ut
611 2827 676 2887 diri,
699 2826 761 2892 quia
779 2827 867 2876 omnia
885 2825 979 2875 Latine
996 2824 1060 2874 red-

148 2891 209 2943 dere
225 2843 351 2954 uobumus,
372 2895 473 2945 tametsi
493 2894 583 2946 titulus
603 2894 720 2945 Graecae
733 2895 896 2962 inscriptioni
909 2890 999 2961 ὕμνων
1009 2908 1062 2942 non

148 2961 293 3027 respondet,
314 2971 397 3012 tamen
415 2962 615 3027 Indigitamenta
635 2963 821 3029 inscripsimus.
860 2962 964 3012 Dictum
976 2968 1062 3012 autem

149 3031 285 3094 indigitare
304 3048 352 3092 pro
373 3033 513 3092 indicitur,
534 3032 583 3083 boc
599 3039 636 3082 est
656 3049 758 3083 uocare.
794 3031 863 3083 Nam
882 3032 988 3080 citatam
1005 3029 1061 3095 ple·

149 3098 209 3149 bem
226 3098 355 3161 dicebant,
373 3102 483 3167 quaein
502 3101 625 3151 iudicium
644 3109 739 3152 uocata
755 3107 828 3151 esset.
852 3099 895 3150 Sic
906 3099 977 3167 apud
990 3098 1061 3149 Var-

149 3183 237 3217 ronem
252 3168 291 3218 De
311 3170 400 3237 linqua
419 3169 516 3219 Latina
534 3172 604 3235 qnod
622 3186 699 3236 pecus
718 3171 852 3219 incitatam
864 3169 996 3233 antiquum
1015 3181 1061 3232 op-

150 3237 238 3301 pidum
252 3239 403 3303 exigebant3
424 3237 554 3305 iepeudum
565 3240 661 3307 potius,
680 3239 864 3288 inducitatum:
883 3236 951 3303 quod
963 3243 1063 3286 estnon

153 3304 290 3367 Varronis,
316 3306 361 3357 sed
383 3306 516 3358 cuiusdam
541 3310 635 3358 ueteris
660 3315 753 3374 poetae
779 3302 984 3377 duporedebrtor.
1026 3303 1063 3354 Et

150 3375 227 3424 uitare
244 3382 331 3426 notum
347 3377 409 3443 quid
426 3377 461 3426 sit
479 3375 668 3440 informibus
686 3384 710 3426 et
726 3373 893 3426 iudicialibus
910 3372 1017 3433 cumeis,
1038 3365 1069 3422 ei

150 3443 257 3493 citatum
281 3446 481 3495 instrumentum
507 3452 689 3513 nuncupatum.
733 3443 806 3510 Erpa
824 3443 972 3504 indicitare,
995 3440 1065 3508 quod

150 3518 208 3562 erat
228 3513 343 3573 incitare,
363 3522 387 3562 et
404 3515 540 3578 indigitare
561 3513 626 3563 idem
633 3531 642 3575 ,·
666 3521 695 3564 ut
720 3513 856 3563 subicitare
874 3518 899 3559 et
916 3510 1063 3575 subigitare

148 3581 177 3629 in
198 3579 294 3630 Casina
315 3580 419 3635 Plauti:
437 3590 466 3632 ut
483 3584 578 3634 inicere
594 3583 622 3632 in
639 3581 756 3631 Varrone
772 3598 821 3649 pro
840 3582 945 3645 inigere.
979 3579 1063 3630 Tanta
