2586 4214
646 348 798 444 aas„

201 518 430 577 1210Levamen
454 536 532 590 acre,
553 534 619 575 eum
643 520 789 578 tumultus
811 518 947 577 hosticus

274 602 416 661 vastabit
437 622 509 661 arva
531 611 561 660 et
582 602 694 661 Teucri
715 603 851 661 donaria.

277 685 339 747 Sed
361 695 391 746 et
409 688 524 747 sufetes
544 688 674 747 victimis
696 689 830 746 Eatenii'

275 772 376 830 Tuam
399 773 543 831 favebunt
563 780 596 830 ut
616 774 740 833 deorum
764 773 917 830 adoream.
990 764 1184 852 [fouebaotl]

218 854 220 857 ’
276 857 316 916 Et
336 857 487 917 Gnossum
508 857 603 915 adibit
624 866 713 932 atque
733 857 876 934 Gortynis
898 857 1005 916 domos

202 941 267 996 1215
277 943 363 1002 Meae
385 943 492 1001 ruinae
513 941 623 1016 luctus,
649 952 679 1000 et
700 943 853 1001 caduciter
1012 942 1015 945 ’

275 1026 395 1085 Ducum
417 1029 562 1086 lababunt
582 1035 670 1086 tecta.
693 1048 751 1085 non
772 1028 851 1085 enim
871 1027 1020 1085 innocens

276 1113 423 1172 Lembum
445 1113 590 1170 biremem
611 1120 703 1170 nauta
725 1113 859 1188 piscator
877 1110 964 1188 regit,

276 1197 411 1255 Leucum
433 1206 621 1272 sequestrem
640 1198 743 1274 regiae
763 1199 888 1255 ductans
911 1195 991 1268 dole,

279 1283 451 1358 Odiumque
475 1284 573 1340 caecis
597 1282 757 1357 implicans
779 1281 959 1339 mendaciisz
1063 1274 1071 1283 ’

200 1366 268 1421 1⁹20
280 1366 347 1427 Nec
366 1368 418 1424 ille
440 1375 543 1442 parcet
563 1368 679 1439 liberis,
703 1386 760 1425 nec
780 1366 901 1442 coniugi

276 1451 394 1524 Medae,
418 1453 530 1511 furoris
555 1453 700 1510 aestubus
724 1460 854 1509 mentem
877 1451 974 1522 avius,

276 1535 349 1594 Non
370 1535 557 1595 Clesitherae
577 1537 669 1609 filiae,
693 1538 776 1595 cuius
796 1544 882 1612 pater

275 1620 409 1680 Draconi
430 1621 551 1681 alumno
579 1630 684 1698 sponte
704 1622 822 1698 nuptias
846 1620 941 1678 dabit:

196 1769 197 1772 ,
276 1706 452 1783 Omnesque
475 1709 567 1765 cruda
587 1709 674 1765 cedet
698 1708 729 1764 in
751 1706 845 1765 sacris
869 1724 958 1767 manu

201 1793 267 1847 1225
277 1790 397 1852 Cereris
419 1792 554 1866 favissis,
578 1794 699 1851 saucios
721 1791 889 1850 crudeliter.

276 1876 445 1953 Decusque
460 1877 572 1935 avitum
594 1876 714 1935 illustre
732 1875 867 1953 progenii
887 1894 971 1934 meae

275 1964 393 2019 Aevum
415 1970 539 2037 nepotes
562 1963 689 2019 efferent
706 1963 738 2020 in
761 1968 925 2037 posterum,
982 2009 985 2019 .

276 2045 425 2105 Coronam
449 2046 549 2121 adepti
570 2046 693 2123 praeliis
717 2045 925 2122 perduellium,

276 2130 390 2187 Terrae
412 2131 563 2204 marisque
584 2133 631 2189 ius
653 2137 791 2190 tenentes
812 2131 975 2206 principesz

201 2214 343 2274 1280Nec
367 2215 521 2272 mentione
543 2224 680 2291 postuma
704 2236 815 2274 nomen
838 2234 942 2274 carens

278 2298 399 2359 Celabis
420 2300 490 2359 altis
509 2301 540 2358 in
563 2302 707 2375 tenebris,
729 2302 836 2378 patria.

276 2385 368 2446 Tales
390 2385 540 2460 relinquet
559 2387 757 2445 consobrinus
777 2384 912 2460 duplices

277 2473 365 2529 Meus
386 2471 506 2544 leones,
529 2472 692 2529 maximum
714 2472 843 2530 Romae
856 2489 964 2547 genus,

278 2554 395 2614 Gnatus
420 2564 565 2614 venustae
586 2557 802 2628 Vorticordiae,
825 2555 928 2614 cluens
966 2551 971 2561 ⁴

201 2639 399 2713 macilentis,
423 2660 479 2698 nec
500 2642 562 2698 acri
583 2642 783 2716 poenitendus
804 2640 924 2714 praelio.
1027 2656 1029 2661 ·

274 2724 448 2783 Rhaecelon
468 2728 578 2783 urbem·
593 2728 644 2800 qui
666 2727 748 2803 prius
776 2733 903 2783 ventans
927 2726 1008 2783 colet

276 2808 359 2869 Cissi
378 2810 415 2867 ad
436 2830 606 2886 supremum
631 2813 759 2883 culmen,
783 2820 812 2868 et
833 2811 1017 2887 Laphystias

275 2893 376 2953 Cornu
393 2896 526 2973 rigentes
549 2897 697 2955 feminast
721 2895 881 2969 Halmopia

217 2996 223 3015 ¹
274 2980 408 3040 Rursum
431 2988 591 3039 exeuntem
613 3001 700 3056 quem
727 2989 828 3039 manet
850 2980 1009 3053 Turranio,

199 3064 413 3141 1940Tepente
433 3067 575 3142 Lynceus
595 3075 626 3124 et
642 3066 814 3124 redundans
837 3063 965 3142 agmine.

273 3149 314 3209 Et
334 3150 418 3224 Pisa,
440 3170 591 3226 pecorosa
613 3159 701 3226 atque
722 3150 848 3228 Agylles
873 3167 999 3225 pascua:

274 3236 415 3295 Miscebit
434 3237 530 3296 hostis
552 3256 682 3313 quocum
705 3238 830 3294 amicum
853 3234 1028 3306 exercitum,

274 3321 410 3398 Adigens
431 3329 619 3380 sacramento
643 3330 732 3396 atque
754 3320 910 3396 suppliciis
934 3338 1070 3396 precum,

274 3406 352 3464 Erro
373 3406 504 3465 latentes
525 3407 656 3482 pumilus
678 3425 807 3481 ruspans
827 3405 892 3463 vias

199 3488 266 3541 1‘245
276 3489 391 3548 Terrae
413 3493 579 3566 marisque:
603 3499 664 3549 tum
685 3491 775 3549 simul
796 3491 858 3548 nati
880 3490 939 3547 duo
1022 3541 1025 3546 .

275 3575 382 3651 Mysos
404 3576 538 3653 regentis
560 3577 659 3651 (cuius
682 3576 790 3635 evomit
810 3576 885 3633 deus
