2532 4216
473 360 625 457 L

96 525 173 600 Quid
196 528 323 585 referam
347 525 439 585 nullis
462 528 680 589 indelessabile
703 548 811 606 cerpus

95 611 220 685 Usibus,
240 620 270 670 et
288 611 410 689 patiens
433 630 525 673 aurae
545 614 697 691 glacialis,
721 623 752 672 et
768 617 896 675 aestus?

95 695 173 769 Quid
195 698 290 756 mmai
307 698 458 757 immunes
479 699 604 759 oculos?
624 699 696 774 quid
717 701 854 758 membra
874 702 978 761 latore

95 779 265 859 Campestui
286 782 405 853 durata,
424 802 481 841 nec
504 785 557 842 uni
578 794 650 843 nate
671 784 867 859 palaestrae?

93 865 194 941 thue
212 868 283 925 illae
304 867 389 926 dotes
412 868 573 927 vincebant
594 876 725 928 caetera.
745 869 788 926 ita
813 888 890 928 unus

94 950 214 1011 Vicerat
232 954 289 1011 has
314 951 434 1012 animus
455 973 606 1031 generoso
630 955 768 1012 incoctus
792 954 931 1027 honesto,

94 1034 232 1112 Pus-aque
253 1037 442 1097 mens-nulli
462 1039 601 1098 vitiorum
622 1039 731 1115 pervia
749 1039 823 1111 labi,

93 1121 133 1178 Et
154 1123 228 1180 recti
247 1121 396 1194 retinens,
420 1131 449 1181 et
469 1124 583 1183 vindex
603 1124 858 1196 franciscanae,

95 1205 174 1263 Tum
195 1208 303 1283 pudor,
323 1215 354 1265 et
376 1226 474 1268 mores
493 1209 605 1286 priscis
628 1209 781 1269 Hercibus
804 1209 903 1284 aequi,

93 1291 133 1348 Et
153 1301 254 1353 castae
277 1291 410 1369 gravitas
431 1313 491 1352 non
514 1294 655 1352 affectata
676 1293 828 1369 loquelae:

95 1373 203 1435 Sobria
224 1377 407 1454 temperies:
428 1378 515 1438 frons
537 1399 601 1438 non
623 1380 704 1437 olata
723 1379 903 1456 secundisL]

94 1459 163 1520 Non
181 1462 298 1521 deiecta
319 1462 421 1534 malis,
441 1464 594 1540 mediique
613 1466 644 1523 in
665 1472 793 1540 utroque
814 1473 944 1523 tonores.

93 1544 212 1605 Interea
232 1566 363 1624 magnae
385 1548 505 1624 legatus
528 1550 667 1625 poscitur
685 1549 773 1622 Urbi,

96 1626 214 1707 Septem
231 1651 318 1707 -quae
339 1651 401 1690 una
418 1633 490 1691 sibi»
502 1635 619 1710 gremio
641 1634 850 1708 complectitur
871 1652 968 1693 arces.

96 1715 256 1790 Quaeritur
279 1737 295 1775 e
316 1717 415 1775 medio
436 1736 608 1795 procerum,
634 1737 711 1793 quae
733 1718 868 1775 maxima
887 1726 974 1776 tanto

94 1803 173 1877 Apta
193 1805 275 1862 foret
294 1804 398 1860 cervix
419 1804 512 1861 oneri.
538 1803 607 1862 Tua
630 1802 750 1880 cognita
771 1802 866 1860 virtus

94 1885 162 1945 Non
180 1896 230 1948 eat
250 1906 347 1964 passa
367 1888 418 1946 diu
440 1896 572 1946 mentem
595 1896 702 1946 nutare
723 1886 856 1964 legentis

94 1969 256 2051 Principis,
278 1981 332 2032 ant
350 1991 511 2048 procerum
530 1972 651 2031 faelicia
670 1980 743 2031 vota
763 1973 887 2031 morari.

94 2057 236 2116 Mitteris:
257 2065 398 2134 atquem
422 2059 612 2131 semidea,
636 2070 727 2135 quam
750 2058 978 2133 pravitatum,

93 2144 154 2200 Aut
172 2153 227 2201 tua
247 2161 324 2217 quae
347 2144 439 2200 fuerit
457 2144 557 2202 claros
582 2151 720 2220 spectata
738 2162 795 2219 per
819 2152 904 2203 actus

95 2224 260 2299 sedulitas,
280 2229 378 2287 sensit
399 2228 561 2305 Prineeps,
581 2230 684 2287 videre
707 2226 850 2300 Quirites.
940 2258 943 2267 ,

94 2309 169 2385 Quin
193 2315 285 2371 mam
307 2313 486 2387 obsequium
508 2314 602 2390 longa
621 2315 652 2372 in
676 2313 808 2372 statione
828 2320 957 2385 teneret,

95 2397 224 2472 (Tantus
247 2417 331 2456 amor
348 2398 449 2476 Regni
473 2407 530 2472 est,
551 2406 638 2456 tanta
660 2405 709 2456 est
720 2397 890 2454 reverentia
899 2396 1008 2478 Regis)

94 2482 259 2541 Emeritum
282 2483 342 2542 nisi
362 2484 434 2556 iam,
456 2483 584 2542 lustrum
603 2482 800 2542 *volventibus
822 2483 922 2554 annis,
975 2512 978 2519 ·

94 2566 193 2627 Roma
214 2568 393 2626 redonatum
416 2569 513 2645 patrio
535 2576 565 2626 te
587 2568 728 2625 redderet
749 2567 826 2625 orbi.

134 2654 209 2712 Vita
229 2656 330 2712 bonae
352 2654 439 2730 pacis
464 2653 569 2711 dulces
594 2654 711 2731 agitata
731 2671 883 2728 perusus

94 2738 293 2815 Militiamque
314 2738 417 2811 aulae,
436 2739 537 2814 potnit
558 2737 722 2813 tranquilla
741 2737 837 2797 videri

92 2821 261 2882 Hactenus.
281 2822 468 2882 Hinccrudi
491 2823 601 2883 studiis
625 2824 761 2882 exercita
782 2823 889 2883 Martis

94 2907 225 2968 Caetera
246 2908 362 2967 loricae
382 2910 438 2967 sub
461 2909 599 2985 pondere
622 2909 724 2966 canuit
741 2916 836 2966 aetas.

94 2992 168 3067 Quis
191 3002 345 3052 memoret
364 3012 452 3052 curas
475 2994 580 3067 animi,
603 2993 782 3052 discrimina
801 2994 892 3067 vitae,

93 3078 156 3140 Sub
176 3080 254 3138 Iove
275 3079 399 3137 duratas
423 3079 548 3139 hiberno
571 3079 670 3138 sidere
691 3090 806 3149 noctes,

92 3167 192 3239 Atque
213 3164 407 3240 intempestis
420 3165 565 3238 ‘equitata
586 3163 743 3222 cacumina
765 3161 877 3221 nimbis

91 3248 241 3309 Fortibus·
259 3249 365 3308 induto
387 3248 517 3325 rigidum
538 3251 664 3308 thoraca
682 3248 817 3319 lacertis,

93 3332 221 3413 cogenti
242 3342 369 3406 turmas,
390 3333 660 3410 implentimunia
676 3332 779 3410 magni

90 3420 201 3480 Militis
224 3427 316 3494 atque
338 3418 447 3478 ducis?
469 3419 618 3479 Lemovix
639 3426 758 3477 rectore
782 3418 905 3475 carebat
1010 3432 1012 3436 ·

91 3504 210 3579 Limes,
231 3504 405 3579 Aquitanae
425 3503 567 3565 scindens
590 3504 724 3563 confinia
743 3511 853 3575 terrae,

93 3589 250 3669 Tempore
267 3609 330 3667 quo
350 3588 458 3667 Stygio
480 3597 571 3666 caput
591 3588 755 3647 extollebat
776 3589 814 3647 ab
836 3596 925 3647 antro
