2586 4214
503 347 653 440 ”Q-

122 511 176 572 Nil
193 514 316 587 melius,
342 534 358 572 e
375 533 410 573 re
430 516 513 591 quod
536 517 576 576 sit
597 517 765 589 amborum,
787 532 901 590 procer.

123 598 199 656 Teu.
242 599 313 657 Heu
334 619 423 674 quam
445 601 560 659 citatim
576 610 763 660 mortuorum
785 601 883 677 gratia

122 684 247 761 Ingrata
266 685 355 758 cedit,
378 693 468 760 atque
489 694 590 762 partes
612 687 737 746 deserit.

124 766 280 846 Siquidem
305 770 353 827 hic
371 788 427 828 nee
449 771 539 829 etiam
562 773 601 830 ob
622 789 718 847 parva
739 770 818 828 dictu
838 768 942 826 munia

122 855 262 913 Meminit
282 855 335 927 tui,
358 855 457 914 Aiax:
477 858 584 930 quoius
607 857 680 914 olim
702 856 800 933 gratie

123 938 193 998 Tuo
212 939 326 1017 periclo
344 947 387 998 tot
408 940 524 1017 pericla
542 943 740 1001 exhauseras.

124 1022 186 1085 Sed
204 1024 302 1083 omnis
323 1024 382 1085 iste
404 1025 491 1085 fluxit
511 1027 648 1103 ingratus
670 1027 769 1085 labos.

125 1109 153 1169 O
175 1110 360 1186 proloquute
382 1130 520 1187 perpera,
542 1121 632 1186 atque
651 1112 768 1170 inania:

125 1193 248 1254 Oblitus
270 1196 347 1254 adeo
369 1214 414 1268 es,
438 1197 562 1271 quando
580 1216 638 1256 nos
657 1198 689 1256 iu
713 1193 831 1273 praelio

122 1279 310 1339 Periculosis
329 1281 491 1357 impeditos
512 1283 663 1356 cassibus,
692 1288 694 1291 ’

122 1363 219 1423 Nulla
241 1365 348 1424 salutis
371 1384 437 1441 spe,
464 1376 554 1441 atque
574 1385 686 1427 vorsus
708 1368 740 1425 in
761 1365 864 1443 fugam

122 1450 242 1525 Eripuit
262 1451 322 1508 iste
344 1470 400 1510 vos
423 1469 479 1510 suo
502 1453 649 1511 adventu:
670 1453 746 1512 ioris

123 1533 199 1595 cum
220 1536 335 1593 fureret
355 1536 466 1595 ardens
485 1537 564 1614 iguis
584 1539 617 1595 in
638 1537 810 1608 navalibus,

121 1620 269 1679 Flammis
291 1621 421 1694 adultus,
444 1623 534 1696 inque
556 1622 685 1681 classem
711 1623 864 1680 nauticam

122 1706 254 1763 Irrueret
276 1706 402 1787 Hector,
414 1708 553 1764 remeans
573 1707 687 1764 vallum
708 1708 831 1782 impete.

123 1789 198 1864 Quis
218 1791 294 1849 haec
314 1792 482 1868 repressit?
507 1810 569 1850 nou
591 1793 618 1849 is
642 1800 700 1863 est,
722 1792 773 1865 qui
794 1787 866 1847 fecit
887 1788 973 1858 haec,

123 1875 222 1951 Quem
244 1877 410 1936 contulisse
432 1877 571 1951 nuspiam
594 1878 701 1952 pedem
723 1873 884 1934 autumas?

123 1957 237 2019 Verou'
261 1962 288 2021 is
311 1961 363 2019 ille
385 1962 460 2020 fecit
481 1962 567 2034 haec,
590 1971 621 2019 et
643 1961 771 2021 sedulo?

124 2043 200 2105 (ium
222 2065 283 2104 nec
303 2055 441 2119 vocatus,
464 2055 547 2106 sorte
567 2048 621 2106 sed
642 2048 748 2106 ductus
773 2062 896 2103 manum

124 2129 295 2204 conseruit,
316 2134 378 2190 acri
399 2141 591 2210 comparatus
612 2133 748 2192 Hectori.

122 2215 191 2276 Nec
211 2217 291 2275 enim
311 2218 450 2295 fugueem
471 2219 584 2277 iecerat
607 2219 782 2277 sorticuiam

125 2299 225 2360 Gleba
244 2303 394 2362 madentis
418 2305 501 2374 uber,
524 2313 573 2363 ast
594 2322 671 2377 quae
694 2304 833 2379 primitus

122 2387 241 2446 Educta
257 2387 378 2446 casside
397 2389 543 2465 impetum
565 2389 734 2447 eitasceret.

124 2472 211 2530 Haec
232 2472 286 2530 ille
306 2474 390 2545 fecit,
414 2482 503 2547 atque
527 2493 585 2550 ego
606 2492 668 2530 una
686 2470 824 2544 interfui,

123 2557 191 2634 Ego
214 2575 332 2630 seruas,
355 2568 444 2633 atque
464 2565 560 2615 matre
582 2559 712 2614 barbara
732 2556 840 2614 edituo.

124 2642 211 2700 Haec
231 2643 336 2716 verba,
357 2643 447 2702 stulte
469 2661 536 2700 cum
558 2642 680 2717 strepis,
704 2660 764 2716 quo
785 2639 938 2717 respicis?

123 2726 249 2799 Nescis,
269 2729 313 2785 tui
331 2729 384 2802 qui
402 2735 543 2805 prosator
565 2727 659 2803 patris
681 2727 749 2799 fuit,

122 2811 238 2889 Pelops
260 2820 409 2885 vetustus,
431 2831 477 2870 em
498 2813 594 2872 fuisse
613 2812 795 2870 barbarum?

124 2897 225 2955 Tuum
248 2905 381 2957 satorem
404 2906 503 2956 autem
524 2904 650 2956 Atreum
670 2914 873 2956 sacerrumum

123 2983 224 3042 Fratri
246 2984 401 3041 vorandos
424 2987 587 3060 apposisse
607 2982 741 3041 liberos?

124 3067 170 3126 Te
190 3076 287 3125 mater
306 3076 407 3126 autem
429 3066 543 3127 Cressa
559 3067 694 3145 protulit,
717 3085 790 3126 suus

57 3200 62 3211 ,
125 3152 224 3228 Quam
243 3153 444 3229 'deprehendit
465 3172 532 3210 cum
552 3155 614 3211 viro
632 3153 734 3211 alieno
757 3159 851 3228 pater,

124 3238 278 3314 Mutisque
300 3239 372 3297 iecit
390 3238 535 3314 pabulum
555 3238 739 3296 natantibus.

125 3322 236 3381 Taline
259 3322 330 3381 talis
353 3324 463 3383 obiicis
485 3341 580 3399 genus
604 3323 697 3381 mihi?

125 3407 296 3466 Telamone
318 3410 371 3484 qui
390 3427 456 3467 sum
479 3417 565 3483 patre
588 3414 766 3485 prognatus,
786 3423 885 3464 meam

126 3492 187 3568 Qui
208 3493 377 3569 praemium
397 3493 516 3553 virtutis
538 3512 577 3551 ex
601 3494 735 3551 exercitu

124 3575 244 3637 Habuit
263 3588 419 3654 parentem
443 3578 657 3637 concubinam:
683 3577 767 3655 regio
