<?xml version="1.0" encoding="UTF-8"?>
<!DOCTYPE html PUBLIC "-//W3C//DTD XHTML 1.0 Transitional//EN"
    "http://www.w3.org/TR/xhtml1/DTD/xhtml1-transitional.dtd">
<html xmlns="http://www.w3.org/1999/xhtml" xml:lang="en" lang="en">
 <head>
  <title>
</title>
<meta http-equiv="Content-Type" content="text/html;charset=utf-8" />
  <meta name='ocr-system' content='tesseract 3.04.00' />
  <meta name='ocr-capabilities' content='ocr_page ocr_carea ocr_par ocr_line ocrx_word'/>
</head>
<body>
  <div class='ocr_page' id='page_1' title='image "./iosephiscaliger01scalgoog_0057.png"; bbox 0 0 2532 4216; ppageno 0'>
   <div class='ocr_carea' id='block_1_1' title="bbox 697 354 736 413">
    <p class='ocr_par' dir='ltr' id='par_1_1' title="bbox 697 354 736 413">
     <span class='ocr_line' id='line_1_1' title="bbox 697 354 736 413; baseline -0.077 0"><span class='ocrx_word' id='word_1_1' title='bbox 697 354 736 413; x_wconf 70' lang='lat'>52</span> 
     </span>
    </p>
   </div>
   <div class='ocr_carea' id='block_1_2' title="bbox 257 519 1127 685">
    <p class='ocr_par' dir='ltr' id='par_1_2' title="bbox 257 519 1127 685">
     <span class='ocr_line' id='line_1_2' title="bbox 257 519 1127 597; baseline 0.002 -19"><span class='ocrx_word' id='word_1_2' title='bbox 257 519 326 578; x_wconf 87' lang='lat' dir='ltr'>Nec</span> <span class='ocrx_word' id='word_1_3' title='bbox 346 520 447 578; x_wconf 81' lang='lat' dir='ltr'>iacere</span> <span class='ocrx_word' id='word_1_4' title='bbox 467 520 526 578; x_wconf 92' lang='lat' dir='ltr'>hoc</span> <span class='ocrx_word' id='word_1_5' title='bbox 544 527 676 596; x_wconf 85' lang='lat' dir='ltr'>poterat,</span> <span class='ocrx_word' id='word_1_6' title='bbox 697 521 778 596; x_wconf 88' lang='lat' dir='ltr'>quod</span> <span class='ocrx_word' id='word_1_7' title='bbox 800 520 885 580; x_wconf 88' lang='lat' dir='ltr'>Naso</span> <span class='ocrx_word' id='word_1_8' title='bbox 908 520 1022 581; x_wconf 78' lang='lat' dir='ltr'>fecerat</span> <span class='ocrx_word' id='word_1_9' title='bbox 1043 523 1127 597; x_wconf 84' lang='lat' dir='ltr'>olim,</span> 
     </span>
     <span class='ocr_line' id='line_1_3' title="bbox 302 604 1079 685; baseline 0.001 -19"><span class='ocrx_word' id='word_1_10' title='bbox 302 604 402 680; x_wconf 68' lang='lat' dir='ltr'>Quem</span> <span class='ocrx_word' id='word_1_11' title='bbox 421 606 472 680; x_wconf 92' lang='lat' dir='ltr'>qui</span> <span class='ocrx_word' id='word_1_12' title='bbox 493 604 628 666; x_wconf 81' lang='lat' dir='ltr'><strong>Nasonis</strong></span> <span class='ocrx_word' id='word_1_13' title='bbox 650 625 758 681; x_wconf 87' lang='lat' dir='ltr'>corque</span> <span class='ocrx_word' id='word_1_14' title='bbox 780 608 973 682; x_wconf 89' lang='lat' dir='ltr'>animumque</span> <span class='ocrx_word' id='word_1_15' title='bbox 992 609 1079 685; x_wconf 81' lang='lat' dir='ltr'>gerit.</span> 
     </span>
    </p>
   </div>
   <div class='ocr_carea' id='block_1_3' title="bbox 257 774 1257 1362">
    <p class='ocr_par' dir='ltr' id='par_1_3' title="bbox 258 774 1257 1106">
     <span class='ocr_line' id='line_1_4' title="bbox 260 774 1170 854; baseline 0.004 -21"><span class='ocrx_word' id='word_1_16' title='bbox 260 774 289 833; x_wconf 90' lang='grc'>9.</span> <span class='ocrx_word' id='word_1_17' title='bbox 334 775 385 833; x_wconf 80' lang='lat' dir='ltr'>Aa</span> <span class='ocrx_word' id='word_1_18' title='bbox 393 775 539 835; x_wconf 76' lang='lat' dir='ltr'><strong><em>Phoebum</em></strong></span> <span class='ocrx_word' id='word_1_19' title='bbox 559 779 594 834; x_wconf 83' lang='lat' dir='ltr'>de</span> <span class='ocrx_word' id='word_1_20' title='bbox 613 779 658 834; x_wconf 84' lang='lat' dir='ltr'>Io.</span> <span class='ocrx_word' id='word_1_21' title='bbox 676 775 805 833; x_wconf 80' lang='lat' dir='ltr'>Meuroio</span> <span class='ocrx_word' id='word_1_22' title='bbox 829 778 928 835; x_wconf 72' lang='lat' dir='ltr'>edema</span> <span class='ocrx_word' id='word_1_23' title='bbox 942 777 1170 854; x_wconf 72' lang='lat' dir='ltr'>Lycophronem.</span> 
     </span>
     <span class='ocr_line' id='line_1_5' title="bbox 258 854 1257 937; baseline 0.003 -18"><span class='ocrx_word' id='word_1_24' title='bbox 258 862 356 919; x_wconf 85' lang='lat' dir='ltr'>Antra</span> <span class='ocrx_word' id='word_1_25' title='bbox 377 861 544 921; x_wconf 75' lang='lat' dir='ltr'>cothurnati</span> <span class='ocrx_word' id='word_1_26' title='bbox 562 868 721 937; x_wconf 87' lang='lat' dir='ltr'>penetrare</span> <span class='ocrx_word' id='word_1_27' title='bbox 743 860 951 937; x_wconf 81' lang='lat' dir='ltr'>Lycophronis</span> <span class='ocrx_word' id='word_1_28' title='bbox 970 881 1075 935; x_wconf 84' lang='lat' dir='ltr'>ausus,</span> <span class='ocrx_word' id='word_1_29' title='bbox 1256 854 1257 859; x_wconf 8' lang='grc' dir='ltr'>ἵ</span> 
     </span>
     <span class='ocr_line' id='line_1_6' title="bbox 258 944 981 1022; baseline 0.001 -18"><span class='ocrx_word' id='word_1_30' title='bbox 258 947 395 1004; x_wconf 88' lang='lat' dir='ltr'>Maturus</span> <span class='ocrx_word' id='word_1_31' title='bbox 418 946 537 1018; x_wconf 83' lang='lat' dir='ltr'>studiis,</span> <span class='ocrx_word' id='word_1_32' title='bbox 561 945 616 1005; x_wconf 87' lang='lat' dir='ltr'>sed</span> <span class='ocrx_word' id='word_1_33' title='bbox 635 944 686 1002; x_wconf 88' lang='lat' dir='ltr'>vix</span> <span class='ocrx_word' id='word_1_34' title='bbox 706 963 848 1021; x_wconf 85' lang='lat' dir='ltr'>egressus</span> <span class='ocrx_word' id='word_1_35' title='bbox 871 946 981 1022; x_wconf 85' lang='lat' dir='ltr'>ephebi</span> 
     </span>
     <span class='ocr_line' id='line_1_7' title="bbox 258 1029 979 1106; baseline 0.003 -19"><span class='ocrx_word' id='word_1_36' title='bbox 258 1029 429 1105; x_wconf 73' lang='lat' dir='ltr'><strong>vesticipes</strong></span> <span class='ocrx_word' id='word_1_37' title='bbox 451 1049 559 1106; x_wconf 85' lang='lat' dir='ltr'>annos,</span> <span class='ocrx_word' id='word_1_38' title='bbox 583 1038 613 1088; x_wconf 91' lang='lat' dir='ltr'>et</span> <span class='ocrx_word' id='word_1_39' title='bbox 632 1029 738 1089; x_wconf 89' lang='lat' dir='ltr'>limina</span> <span class='ocrx_word' id='word_1_40' title='bbox 755 1030 879 1106; x_wconf 79' lang='lat' dir='ltr'>puberis</span> <span class='ocrx_word' id='word_1_41' title='bbox 901 1032 979 1104; x_wconf 76' lang='lat' dir='ltr'>aevi,</span> 
     </span>
    </p>

    <p class='ocr_par' dir='ltr' id='par_1_4' title="bbox 257 1115 1172 1362">
     <span class='ocr_line' id='line_1_8' title="bbox 258 1115 1108 1194; baseline -0.001 -20"><span class='ocrx_word' id='word_1_42' title='bbox 258 1116 409 1174; x_wconf 87' lang='lat' dir='ltr'>Meursius</span> <span class='ocrx_word' id='word_1_43' title='bbox 432 1115 488 1175; x_wconf 90' lang='lat' dir='ltr'>has</span> <span class='ocrx_word' id='word_1_44' title='bbox 509 1116 621 1175; x_wconf 86' lang='lat' dir='ltr'>virides</span> <span class='ocrx_word' id='word_1_45' title='bbox 646 1122 777 1194; x_wconf 81' lang='lat' dir='ltr'>segetes,</span> <span class='ocrx_word' id='word_1_46' title='bbox 796 1116 967 1191; x_wconf 76' lang='lat' dir='ltr'>messisque</span> <span class='ocrx_word' id='word_1_47' title='bbox 988 1117 1108 1174; x_wconf 88' lang='lat' dir='ltr'>futurae</span> 
     </span>
     <span class='ocr_line' id='line_1_9' title="bbox 257 1200 1172 1277; baseline 0.003 -20"><span class='ocrx_word' id='word_1_48' title='bbox 257 1200 424 1271; x_wconf 84' lang='lat' dir='ltr'>Primitiae,</span> <span class='ocrx_word' id='word_1_49' title='bbox 447 1200 507 1272; x_wconf 84' lang='lat' dir='ltr'>dat,</span> <span class='ocrx_word' id='word_1_50' title='bbox 530 1200 664 1270; x_wconf 82' lang='lat' dir='ltr'>Phoebe,</span> <span class='ocrx_word' id='word_1_51' title='bbox 685 1200 741 1257; x_wconf 92' lang='lat' dir='ltr'>tibi</span> <span class='ocrx_word' id='word_1_52' title='bbox 760 1219 815 1275; x_wconf 89' lang='lat' dir='ltr'>pro</span> <span class='ocrx_word' id='word_1_53' title='bbox 838 1207 989 1277; x_wconf 90' lang='lat' dir='ltr'>tempore:</span> <span class='ocrx_word' id='word_1_54' title='bbox 1013 1202 1065 1259; x_wconf 90' lang='lat' dir='ltr'>ubi</span> <span class='ocrx_word' id='word_1_55' title='bbox 1087 1208 1172 1260; x_wconf 87' lang='lat' dir='ltr'>aetas</span> 
     </span>
     <span class='ocr_line' id='line_1_10' title="bbox 260 1284 1093 1362; baseline 0 -19"><span class='ocrx_word' id='word_1_56' title='bbox 260 1284 350 1343; x_wconf 90' lang='lat' dir='ltr'>Hunc</span> <span class='ocrx_word' id='word_1_57' title='bbox 371 1285 490 1342; x_wconf 84' lang='lat' dir='ltr'>firmata</span> <span class='ocrx_word' id='word_1_58' title='bbox 513 1286 610 1342; x_wconf 90' lang='lat' dir='ltr'>virum</span> <span class='ocrx_word' id='word_1_59' title='bbox 631 1284 804 1359; x_wconf 81' lang='lat' dir='ltr'>perfecerit,</span> <span class='ocrx_word' id='word_1_60' title='bbox 827 1286 931 1362; x_wconf 81' lang='lat' dir='ltr'>accipe</span> <span class='ocrx_word' id='word_1_61' title='bbox 951 1304 1093 1344; x_wconf 85' lang='lat' dir='ltr'>messem.</span> 
     </span>
    </p>
   </div>
   <div class='ocr_carea' id='block_1_4' title="bbox 240 1452 1179 2105">
    <p class='ocr_par' dir='ltr' id='par_1_5' title="bbox 265 1452 1171 1597">
     <span class='ocr_line' id='line_1_11' title="bbox 265 1452 1171 1536; baseline 0.004 -26"><span class='ocrx_word' id='word_1_62' title='bbox 265 1452 311 1513; x_wconf 83' lang='lat'>10.</span> <span class='ocrx_word' id='word_1_63' title='bbox 357 1456 395 1513; x_wconf 83' lang='lat' dir='ltr'>Iu</span> <span class='ocrx_word' id='word_1_64' title='bbox 416 1452 721 1536; x_wconf 67' lang='lat' dir='ltr'>MuliiFrupmeato</span> <span class='ocrx_word' id='word_1_65' title='bbox 743 1453 862 1515; x_wconf 83' lang='lat' dir='ltr'>collecta</span> <span class='ocrx_word' id='word_1_66' title='bbox 883 1465 911 1512; x_wconf 84' lang='lat' dir='ltr'>et</span> <span class='ocrx_word' id='word_1_67' title='bbox 930 1458 1008 1534; x_wconf 73' lang='lat' dir='ltr'>editu</span> <span class='ocrx_word' id='word_1_68' title='bbox 1029 1476 1048 1512; x_wconf 86' lang='lat' dir='ltr'>o</span> <span class='ocrx_word' id='word_1_69' title='bbox 1071 1457 1171 1514; x_wconf 82' lang='lat' dir='ltr'>Frua-</span> 
     </span>
     <span class='ocr_line' id='line_1_12' title="bbox 614 1539 819 1597; baseline -0.005 -3"><span class='ocrx_word' id='word_1_70' title='bbox 614 1540 686 1596; x_wconf 81' lang='lat' dir='ltr'>ca‘sco</span> <span class='ocrx_word' id='word_1_71' title='bbox 706 1539 819 1597; x_wconf 82' lang='lat' dir='ltr'>Deuca.</span> 
     </span>
    </p>

    <p class='ocr_par' dir='ltr' id='par_1_6' title="bbox 262 1621 963 1699">
     <span class='ocr_line' id='line_1_13' title="bbox 262 1621 963 1699; baseline 0.004 -21"><span class='ocrx_word' id='word_1_72' title='bbox 262 1621 354 1698; x_wconf 79' lang='lat' dir='ltr'>Quod</span> <span class='ocrx_word' id='word_1_73' title='bbox 372 1621 476 1681; x_wconf 89' lang='lat' dir='ltr'>doctos</span> <span class='ocrx_word' id='word_1_74' title='bbox 497 1622 590 1680; x_wconf 90' lang='lat' dir='ltr'>laceri</span> <span class='ocrx_word' id='word_1_75' title='bbox 611 1622 710 1680; x_wconf 86' lang='lat' dir='ltr'>Lucili</span> <span class='ocrx_word' id='word_1_76' title='bbox 732 1621 849 1699; x_wconf 81' lang='lat' dir='ltr'>colligit</span> <span class='ocrx_word' id='word_1_77' title='bbox 869 1629 963 1695; x_wconf 84' lang='lat' dir='ltr'>artus,</span> 
     </span>
    </p>

    <p class='ocr_par' dir='ltr' id='par_1_7' title="bbox 240 1707 1179 1783">
     <span class='ocr_line' id='line_1_14' title="bbox 240 1707 1179 1783; baseline 0.004 -19"><span class='ocrx_word' id='word_1_78' title='bbox 240 1732 243 1738; x_wconf 96' lang='lat'>·</span> <span class='ocrx_word' id='word_1_79' title='bbox 301 1707 438 1765; x_wconf 91' lang='lat' dir='ltr'>Membra</span> <span class='ocrx_word' id='word_1_80' title='bbox 459 1708 522 1766; x_wconf 91' lang='lat' dir='ltr'>suis</span> <span class='ocrx_word' id='word_1_81' title='bbox 543 1708 672 1768; x_wconf 90' lang='lat' dir='ltr'>reddens</span> <span class='ocrx_word' id='word_1_82' title='bbox 694 1707 814 1783; x_wconf 85' lang='lat' dir='ltr'>singula</span> <span class='ocrx_word' id='word_1_83' title='bbox 833 1725 969 1783; x_wconf 89' lang='lat' dir='ltr'>quaeque</span> <span class='ocrx_word' id='word_1_84' title='bbox 991 1707 1080 1781; x_wconf 83' lang='lat' dir='ltr'>locis,</span> <span class='ocrx_word' id='word_1_85' title='bbox 1178 1717 1179 1720; x_wconf 75' lang='grc'>’</span> 
     </span>
    </p>

    <p class='ocr_par' dir='ltr' id='par_1_8' title="bbox 259 1789 1141 1953">
     <span class='ocr_line' id='line_1_15' title="bbox 259 1789 1141 1866; baseline 0.005 -17"><span class='ocrx_word' id='word_1_86' title='bbox 259 1789 345 1866; x_wconf 76' lang='lat' dir='ltr'>Quae</span> <span class='ocrx_word' id='word_1_87' title='bbox 363 1791 519 1852; x_wconf 81' lang='lat' dir='ltr'>Ciceronis</span> <span class='ocrx_word' id='word_1_88' title='bbox 541 1800 614 1864; x_wconf 83' lang='lat' dir='ltr'>erat,</span> <span class='ocrx_word' id='word_1_89' title='bbox 634 1792 758 1853; x_wconf 89' lang='lat' dir='ltr'>Iuvenis</span> <span class='ocrx_word' id='word_1_90' title='bbox 782 1810 860 1849; x_wconf 90' lang='lat' dir='ltr'>nunc</span> <span class='ocrx_word' id='word_1_91' title='bbox 883 1792 977 1850; x_wconf 86' lang='lat' dir='ltr'>civice</span> <span class='ocrx_word' id='word_1_92' title='bbox 998 1793 1141 1865; x_wconf 81' lang='lat' dir='ltr'>Dousae3</span> 
     </span>
     <span class='ocr_line' id='line_1_16' title="bbox 302 1875 1037 1953; baseline 0.003 -19"><span class='ocrx_word' id='word_1_93' title='bbox 302 1875 382 1950; x_wconf 79' lang='lat' dir='ltr'>Quin</span> <span class='ocrx_word' id='word_1_94' title='bbox 401 1878 500 1935; x_wconf 91' lang='lat' dir='ltr'>maior</span> <span class='ocrx_word' id='word_1_95' title='bbox 520 1877 658 1949; x_wconf 75' lang='lat' dir='ltr'>Damae,</span> <span class='ocrx_word' id='word_1_96' title='bbox 680 1896 770 1953; x_wconf 87' lang='lat' dir='ltr'>quem</span> <span class='ocrx_word' id='word_1_97' title='bbox 795 1875 952 1935; x_wconf 85' lang='lat' dir='ltr'>Ciceronis</span> <span class='ocrx_word' id='word_1_98' title='bbox 972 1878 1037 1936; x_wconf 90' lang='lat' dir='ltr'>erit.</span> 
     </span>
    </p>

    <p class='ocr_par' dir='ltr' id='par_1_9' title="bbox 259 1960 968 2105">
     <span class='ocr_line' id='line_1_17' title="bbox 259 1960 968 2037; baseline -0.001 -16"><span class='ocrx_word' id='word_1_99' title='bbox 259 1962 378 2037; x_wconf 83' lang='lat' dir='ltr'>Eripuit</span> <span class='ocrx_word' id='word_1_100' title='bbox 394 1962 511 2020; x_wconf 89' lang='lat' dir='ltr'>facibus</span> <span class='ocrx_word' id='word_1_101' title='bbox 535 1960 684 2020; x_wconf 80' lang='lat' dir='ltr'>Catilinae</span> <span class='ocrx_word' id='word_1_102' title='bbox 705 1960 825 2019; x_wconf 89' lang='lat' dir='ltr'>Tullius</span> <span class='ocrx_word' id='word_1_103' title='bbox 846 1962 968 2020; x_wconf 75' lang='lat' dir='ltr'>urbemt</span> 
     </span>
     <span class='ocr_line' id='line_1_18' title="bbox 302 2045 926 2105; baseline 0.002 -1"><span class='ocrx_word' id='word_1_104' title='bbox 302 2045 448 2104; x_wconf 85' lang='lat' dir='ltr'>Restituit</span> <span class='ocrx_word' id='word_1_105' title='bbox 470 2047 551 2105; x_wconf 88' lang='lat' dir='ltr'>cives</span> <span class='ocrx_word' id='word_1_106' title='bbox 576 2047 625 2103; x_wconf 91' lang='lat' dir='ltr'>hic</span> <span class='ocrx_word' id='word_1_107' title='bbox 646 2046 701 2104; x_wconf 90' lang='lat' dir='ltr'>tibi</span> <span class='ocrx_word' id='word_1_108' title='bbox 725 2047 823 2104; x_wconf 86' lang='lat' dir='ltr'>Roma</span> <span class='ocrx_word' id='word_1_109' title='bbox 845 2054 926 2105; x_wconf 89' lang='lat' dir='ltr'>tuos.</span> 
     </span>
    </p>
   </div>
   <div class='ocr_carea' id='block_1_5' title="bbox 197 2215 1174 3649">
    <p class='ocr_par' dir='ltr' id='par_1_10' title="bbox 259 2215 1174 2378">
     <span class='ocr_line' id='line_1_19' title="bbox 263 2215 1174 2292; baseline 0.005 -18"><span class='ocrx_word' id='word_1_110' title='bbox 263 2217 311 2274; x_wconf 82' lang='lat'>11.</span> <span class='ocrx_word' id='word_1_111' title='bbox 334 2219 372 2274; x_wconf 79' lang='lat' dir='ltr'>Ia</span> <span class='ocrx_word' id='word_1_112' title='bbox 382 2215 564 2275; x_wconf 66' lang='lat' dir='ltr'>Martialium</span> <span class='ocrx_word' id='word_1_113' title='bbox 583 2215 730 2290; x_wconf 83' lang='lat' dir='ltr'>Capellam</span> <span class='ocrx_word' id='word_1_114' title='bbox 745 2219 849 2274; x_wconf 79' lang='lat' dir='ltr'>editum</span> <span class='ocrx_word' id='word_1_115' title='bbox 863 2217 900 2272; x_wconf 88' lang='lat' dir='ltr'>ab</span> <span class='ocrx_word' id='word_1_116' title='bbox 915 2216 1040 2292; x_wconf 74' lang='lat' dir='ltr'>Hupoue</span> <span class='ocrx_word' id='word_1_117' title='bbox 1059 2218 1174 2279; x_wconf 74' lang='lat' dir='ltr'>Grotio.</span> 
     </span>
     <span class='ocr_line' id='line_1_20' title="bbox 259 2299 946 2378; baseline -0.003 -18"><span class='ocrx_word' id='word_1_118' title='bbox 259 2301 351 2378; x_wconf 86' lang='lat' dir='ltr'>Hugo</span> <span class='ocrx_word' id='word_1_119' title='bbox 377 2301 501 2361; x_wconf 84' lang='lat' dir='ltr'>soboles</span> <span class='ocrx_word' id='word_1_120' title='bbox 524 2299 645 2359; x_wconf 87' lang='lat' dir='ltr'>Grotius</span> <span class='ocrx_word' id='word_1_121' title='bbox 673 2301 777 2377; x_wconf 91' lang='lat' dir='ltr'>optimi</span> <span class='ocrx_word' id='word_1_122' title='bbox 799 2301 946 2377; x_wconf 84' lang='lat' dir='ltr'>parentis,</span> 
     </span>
    </p>

    <p class='ocr_par' dir='ltr' id='par_1_11' title="bbox 260 2385 1036 2462">
     <span class='ocr_line' id='line_1_21' title="bbox 260 2385 1036 2462; baseline -0.003 -18"><span class='ocrx_word' id='word_1_123' title='bbox 260 2386 321 2462; x_wconf 80' lang='lat' dir='ltr'>Qui</span> <span class='ocrx_word' id='word_1_124' title='bbox 343 2385 449 2444; x_wconf 86' lang='lat' dir='ltr'>limina</span> <span class='ocrx_word' id='word_1_125' title='bbox 470 2386 603 2444; x_wconf 88' lang='lat' dir='ltr'>nondum</span> <span class='ocrx_word' id='word_1_126' title='bbox 628 2386 726 2462; x_wconf 87' lang='lat' dir='ltr'>tetigit</span> <span class='ocrx_word' id='word_1_127' title='bbox 746 2387 867 2461; x_wconf 90' lang='lat' dir='ltr'>puberis</span> <span class='ocrx_word' id='word_1_128' title='bbox 890 2386 968 2458; x_wconf 84' lang='lat' dir='ltr'>aevi,</span> <span class='ocrx_word' id='word_1_129' title='bbox 1033 2405 1036 2409; x_wconf 89' lang='lat'>·</span> 
     </span>
    </p>

    <p class='ocr_par' dir='ltr' id='par_1_12' title="bbox 202 2462 1039 2804">
     <span class='ocr_line' id='line_1_22' title="bbox 202 2462 1004 2548; baseline -0.005 -15"><span class='ocrx_word' id='word_1_130' title='bbox 202 2462 211 2487; x_wconf 62' lang='lat'>²</span> <span class='ocrx_word' id='word_1_131' title='bbox 260 2470 323 2533; x_wconf 89' lang='lat' dir='ltr'>Sed</span> <span class='ocrx_word' id='word_1_132' title='bbox 343 2481 443 2528; x_wconf 90' lang='lat' dir='ltr'>mente</span> <span class='ocrx_word' id='word_1_133' title='bbox 466 2471 557 2531; x_wconf 85' lang='lat' dir='ltr'>senili</span> <span class='ocrx_word' id='word_1_134' title='bbox 575 2480 694 2530; x_wconf 90' lang='lat' dir='ltr'>teneros</span> <span class='ocrx_word' id='word_1_135' title='bbox 716 2471 875 2548; x_wconf 89' lang='lat' dir='ltr'>praevenit</span> <span class='ocrx_word' id='word_1_136' title='bbox 896 2490 1004 2543; x_wconf 86' lang='lat' dir='ltr'>annos,</span> 
     </span>
     <span class='ocr_line' id='line_1_23' title="bbox 259 2555 949 2633; baseline -0.001 -19"><span class='ocrx_word' id='word_1_137' title='bbox 259 2559 402 2633; x_wconf 79' lang='lat' dir='ltr'>Magnum</span> <span class='ocrx_word' id='word_1_138' title='bbox 424 2556 586 2629; x_wconf 83' lang='lat' dir='ltr'>meditans,</span> <span class='ocrx_word' id='word_1_139' title='bbox 608 2557 751 2632; x_wconf 89' lang='lat' dir='ltr'>auspiciis</span> <span class='ocrx_word' id='word_1_140' title='bbox 775 2555 870 2614; x_wconf 89' lang='lat' dir='ltr'>noluit</span> <span class='ocrx_word' id='word_1_141' title='bbox 889 2556 949 2613; x_wconf 89' lang='lat' dir='ltr'>illis</span> 
     </span>
     <span class='ocr_line' id='line_1_24' title="bbox 259 2640 1039 2718; baseline 0.003 -21"><span class='ocrx_word' id='word_1_142' title='bbox 259 2641 455 2714; x_wconf 86' lang='lat' dir='ltr'>Praeludere‚</span> <span class='ocrx_word' id='word_1_143' title='bbox 478 2660 556 2716; x_wconf 88' lang='lat' dir='ltr'>quae</span> <span class='ocrx_word' id='word_1_144' title='bbox 577 2643 757 2718; x_wconf 89' lang='lat' dir='ltr'>vesticipum</span> <span class='ocrx_word' id='word_1_145' title='bbox 779 2640 916 2717; x_wconf 86' lang='lat' dir='ltr'>postulat</span> <span class='ocrx_word' id='word_1_146' title='bbox 938 2648 1039 2711; x_wconf 85' lang='lat' dir='ltr'>aetas3</span> 
     </span>
     <span class='ocr_line' id='line_1_25' title="bbox 263 2724 987 2804; baseline -0.004 -19"><span class='ocrx_word' id='word_1_147' title='bbox 263 2724 325 2786; x_wconf 82' lang='lat' dir='ltr'>Sed</span> <span class='ocrx_word' id='word_1_148' title='bbox 346 2726 452 2783; x_wconf 91' lang='lat' dir='ltr'>maluit</span> <span class='ocrx_word' id='word_1_149' title='bbox 470 2745 489 2783; x_wconf 93' lang='lat' dir='ltr'>a</span> <span class='ocrx_word' id='word_1_150' title='bbox 509 2727 677 2804; x_wconf 87' lang='lat' dir='ltr'>grandibus</span> <span class='ocrx_word' id='word_1_151' title='bbox 699 2727 840 2784; x_wconf 91' lang='lat' dir='ltr'>inchoare</span> <span class='ocrx_word' id='word_1_152' title='bbox 863 2727 987 2802; x_wconf 88' lang='lat' dir='ltr'>coeptis.</span> 
     </span>
    </p>

    <p class='ocr_par' dir='ltr' id='par_1_13' title="bbox 258 2809 1097 3052">
     <span class='ocr_line' id='line_1_26' title="bbox 258 2809 1096 2887; baseline 0.001 -19"><span class='ocrx_word' id='word_1_153' title='bbox 258 2809 340 2868; x_wconf 89' lang='lat' dir='ltr'>Nam</span> <span class='ocrx_word' id='word_1_154' title='bbox 366 2811 418 2887; x_wconf 89' lang='lat' dir='ltr'>qui</span> <span class='ocrx_word' id='word_1_155' title='bbox 439 2830 536 2886; x_wconf 89' lang='lat' dir='ltr'>penus</span> <span class='ocrx_word' id='word_1_156' title='bbox 560 2822 617 2885; x_wconf 86' lang='lat' dir='ltr'>est,</span> <span class='ocrx_word' id='word_1_157' title='bbox 642 2812 740 2870; x_wconf 91' lang='lat' dir='ltr'>omnis</span> <span class='ocrx_word' id='word_1_158' title='bbox 764 2818 793 2867; x_wconf 91' lang='lat' dir='ltr'>et</span> <span class='ocrx_word' id='word_1_159' title='bbox 813 2828 884 2867; x_wconf 87' lang='lat' dir='ltr'>arca</span> <span class='ocrx_word' id='word_1_160' title='bbox 905 2809 1096 2887; x_wconf 82' lang='lat' dir='ltr'>disciplinae,</span> 
     </span>
     <span class='ocr_line' id='line_1_27' title="bbox 260 2894 1097 2971; baseline -0.002 -15"><span class='ocrx_word' id='word_1_161' title='bbox 260 2894 320 2956; x_wconf 86' lang='lat' dir='ltr'>Sed</span> <span class='ocrx_word' id='word_1_162' title='bbox 342 2916 430 2971; x_wconf 89' lang='lat' dir='ltr'>quem</span> <span class='ocrx_word' id='word_1_163' title='bbox 453 2897 639 2955; x_wconf 90' lang='lat' dir='ltr'>horridulum</span> <span class='ocrx_word' id='word_1_164' title='bbox 660 2897 770 2953; x_wconf 88' lang='lat' dir='ltr'>iniuria</span> <span class='ocrx_word' id='word_1_165' title='bbox 792 2895 941 2968; x_wconf 90' lang='lat' dir='ltr'>squallore</span> <span class='ocrx_word' id='word_1_166' title='bbox 961 2903 1097 2954; x_wconf 88' lang='lat' dir='ltr'>vetustas</span> 
     </span>
     <span class='ocr_line' id='line_1_28' title="bbox 260 2981 928 3052; baseline -0.009 -10"><span class='ocrx_word' id='word_1_167' title='bbox 260 2981 353 3042; x_wconf 85' lang='lat' dir='ltr'>Omni</span> <span class='ocrx_word' id='word_1_168' title='bbox 373 2982 541 3046; x_wconf 86' lang='lat' dir='ltr'>studiorum</span> <span class='ocrx_word' id='word_1_169' title='bbox 565 2982 658 3043; x_wconf 88' lang='lat' dir='ltr'>nitido</span> <span class='ocrx_word' id='word_1_170' title='bbox 683 2981 839 3038; x_wconf 87' lang='lat' dir='ltr'>abdicaret</span> <span class='ocrx_word' id='word_1_171' title='bbox 861 3000 928 3052; x_wconf 74' lang='lat' dir='ltr'>usu,</span> 
     </span>
    </p>

    <p class='ocr_par' dir='ltr' id='par_1_14' title="bbox 258 3066 997 3228">
     <span class='ocr_line' id='line_1_29' title="bbox 258 3066 985 3143; baseline -0.003 -20"><span class='ocrx_word' id='word_1_172' title='bbox 258 3066 346 3125; x_wconf 90' lang='lat' dir='ltr'>Illius</span> <span class='ocrx_word' id='word_1_173' title='bbox 367 3068 404 3125; x_wconf 90' lang='lat' dir='ltr'>ab</span> <span class='ocrx_word' id='word_1_174' title='bbox 426 3067 534 3125; x_wconf 90' lang='lat' dir='ltr'>incude</span> <span class='ocrx_word' id='word_1_175' title='bbox 555 3067 717 3143; x_wconf 86' lang='lat' dir='ltr'>profectus,</span> <span class='ocrx_word' id='word_1_176' title='bbox 744 3073 833 3139; x_wconf 90' lang='lat' dir='ltr'>atque</span> <span class='ocrx_word' id='word_1_177' title='bbox 856 3084 985 3123; x_wconf 88' lang='lat' dir='ltr'>amoeno</span> 
     </span>
     <span class='ocr_line' id='line_1_30' title="bbox 260 3149 997 3228; baseline -0.007 -16"><span class='ocrx_word' id='word_1_178' title='bbox 260 3149 425 3228; x_wconf 91' lang='lat' dir='ltr'>Splendore</span> <span class='ocrx_word' id='word_1_179' title='bbox 445 3154 573 3224; x_wconf 88' lang='lat' dir='ltr'>micans,</span> <span class='ocrx_word' id='word_1_180' title='bbox 594 3169 745 3226; x_wconf 88' lang='lat' dir='ltr'>purpurea</span> <span class='ocrx_word' id='word_1_181' title='bbox 763 3153 855 3209; x_wconf 82' lang='lat' dir='ltr'>veste</span> <span class='ocrx_word' id='word_1_182' title='bbox 869 3151 997 3208; x_wconf 89' lang='lat' dir='ltr'>decorus</span> 
     </span>
    </p>

    <p class='ocr_par' dir='ltr' id='par_1_15' title="bbox 197 3234 1016 3483">
     <span class='ocr_line' id='line_1_31' title="bbox 197 3234 955 3313; baseline -0.004 -17"><span class='ocrx_word' id='word_1_183' title='bbox 197 3257 198 3260; x_wconf 69' lang='grc'>’</span> <span class='ocrx_word' id='word_1_184' title='bbox 260 3235 425 3312; x_wconf 89' lang='lat' dir='ltr'>Cultusque</span> <span class='ocrx_word' id='word_1_185' title='bbox 447 3258 524 3297; x_wconf 90' lang='lat' dir='ltr'>novo</span> <span class='ocrx_word' id='word_1_186' title='bbox 547 3236 667 3313; x_wconf 88' lang='lat' dir='ltr'>pumice</span> <span class='ocrx_word' id='word_1_187' title='bbox 691 3234 858 3293; x_wconf 86' lang='lat' dir='ltr'>Martianus</span> <span class='ocrx_word' id='word_1_188' title='bbox 883 3235 955 3293; x_wconf 86' lang='lat' dir='ltr'>exit.</span> 
     </span>
     <span class='ocr_line' id='line_1_32' title="bbox 260 3319 1016 3397; baseline -0.008 -17"><span class='ocrx_word' id='word_1_189' title='bbox 260 3320 406 3381; x_wconf 89' lang='lat' dir='ltr'>Cernisne</span> <span class='ocrx_word' id='word_1_190' title='bbox 431 3330 464 3380; x_wconf 91' lang='lat' dir='ltr'>ut</span> <span class='ocrx_word' id='word_1_191' title='bbox 485 3329 624 3380; x_wconf 87' lang='lat' dir='ltr'>ovantem</span> <span class='ocrx_word' id='word_1_192' title='bbox 646 3319 749 3396; x_wconf 91' lang='lat' dir='ltr'>lepido</span> <span class='ocrx_word' id='word_1_193' title='bbox 769 3320 844 3379; x_wconf 89' lang='lat' dir='ltr'>flore</span> <span class='ocrx_word' id='word_1_194' title='bbox 865 3320 1016 3397; x_wconf 69' lang='lat' dir='ltr'>inventae,</span> 
     </span>
     <span class='ocr_line' id='line_1_33' title="bbox 259 3402 976 3483; baseline -0.01 -17"><span class='ocrx_word' id='word_1_195' title='bbox 259 3405 459 3466; x_wconf 90' lang='lat' dir='ltr'>Commendet</span> <span class='ocrx_word' id='word_1_196' title='bbox 476 3426 543 3464; x_wconf 92' lang='lat' dir='ltr'>eum</span> <span class='ocrx_word' id='word_1_197' title='bbox 561 3404 660 3483; x_wconf 80' lang='lat' dir='ltr'>gratia</span> <span class='ocrx_word' id='word_1_198' title='bbox 676 3404 800 3463; x_wconf 91' lang='lat' dir='ltr'>luminis</span> <span class='ocrx_word' id='word_1_199' title='bbox 826 3402 976 3462; x_wconf 75' lang='lat' dir='ltr'>recentis?</span> 
     </span>
    </p>

    <p class='ocr_par' dir='ltr' id='par_1_16' title="bbox 259 3488 955 3565">
     <span class='ocr_line' id='line_1_34' title="bbox 259 3488 955 3565; baseline -0.004 -17"><span class='ocrx_word' id='word_1_200' title='bbox 259 3490 356 3565; x_wconf 80' lang='lat' dir='ltr'>Quam</span> <span class='ocrx_word' id='word_1_201' title='bbox 378 3491 442 3550; x_wconf 88' lang='lat' dir='ltr'>sive</span> <span class='ocrx_word' id='word_1_202' title='bbox 464 3490 579 3563; x_wconf 82' lang='lat' dir='ltr'>habuit,</span> <span class='ocrx_word' id='word_1_203' title='bbox 597 3490 730 3548; x_wconf 86' lang='lat' dir='ltr'>restituit</span> <span class='ocrx_word' id='word_1_204' title='bbox 749 3489 874 3549; x_wconf 88' lang='lat' dir='ltr'>Grotius</span> <span class='ocrx_word' id='word_1_205' title='bbox 895 3488 955 3559; x_wconf 85' lang='lat' dir='ltr'>illi3</span> 
     </span>
    </p>

    <p class='ocr_par' dir='ltr' id='par_1_17' title="bbox 259 3571 1009 3649">
     <span class='ocr_line' id='line_1_35' title="bbox 259 3571 1009 3649; baseline -0.011 -13"><span class='ocrx_word' id='word_1_206' title='bbox 259 3575 321 3637; x_wconf 85' lang='lat' dir='ltr'>Seu</span> <span class='ocrx_word' id='word_1_207' title='bbox 343 3596 405 3635; x_wconf 92' lang='lat' dir='ltr'>non</span> <span class='ocrx_word' id='word_1_208' title='bbox 426 3576 541 3649; x_wconf 86' lang='lat' dir='ltr'>habuit,</span> <span class='ocrx_word' id='word_1_209' title='bbox 564 3575 691 3634; x_wconf 88' lang='lat' dir='ltr'>contulit</span> <span class='ocrx_word' id='word_1_210' title='bbox 712 3576 791 3633; x_wconf 87' lang='lat' dir='ltr'>hanc</span> <span class='ocrx_word' id='word_1_211' title='bbox 810 3572 936 3633; x_wconf 84' lang='lat' dir='ltr'>Grotius</span> <span class='ocrx_word' id='word_1_212' title='bbox 955 3571 1009 3631; x_wconf 90' lang='lat' dir='ltr'>illi.</span> 
     </span>
    </p>
   </div>
   <div class='ocr_carea' id='block_1_6' title="bbox 0 0 1271 4216">
    <p class='ocr_par' dir='ltr' id='par_1_18' title="bbox 0 0 1271 4216">
     <span class='ocr_line' id='line_1_36' title="bbox 0 0 1271 4216; baseline 0 0"><span class='ocrx_word' id='word_1_213' title='bbox 0 0 1271 4216; x_wconf 95' lang='lat' dir='ltr'> </span> 
     </span>
    </p>
   </div>
  </div>
 </body>
</html>
