<?xml version="1.0" encoding="UTF-8"?>
<!DOCTYPE html PUBLIC "-//W3C//DTD XHTML 1.0 Transitional//EN"
    "http://www.w3.org/TR/xhtml1/DTD/xhtml1-transitional.dtd">
<html xmlns="http://www.w3.org/1999/xhtml" xml:lang="en" lang="en">
 <head>
  <title>
</title>
<meta http-equiv="Content-Type" content="text/html;charset=utf-8" />
  <meta name='ocr-system' content='tesseract 3.04.00' />
  <meta name='ocr-capabilities' content='ocr_page ocr_carea ocr_par ocr_line ocrx_word'/>
</head>
<body>
  <div class='ocr_page' id='page_1' title='image "./iosephiscaliger01scalgoog_0346.png"; bbox 0 0 2586 4214; ppageno 0'>
   <div class='ocr_carea' id='block_1_1' title="bbox 429 315 682 410">
    <p class='ocr_par' dir='ltr' id='par_1_1' title="bbox 429 315 682 410">
     <span class='ocr_line' id='line_1_1' title="bbox 429 315 682 410; baseline -0.004 1"><span class='ocrx_word' id='word_1_1' title='bbox 429 334 435 346; x_wconf 95' lang='lat'>·</span> <span class='ocrx_word' id='word_1_2' title='bbox 532 315 682 410; x_wconf 56' lang='lat' dir='ltr'><strong>ec,</strong></span> 
     </span>
    </p>
   </div>
   <div class='ocr_carea' id='block_1_2' title="bbox 123 481 942 3109">
    <p class='ocr_par' dir='ltr' id='par_1_2' title="bbox 146 481 803 644">
     <span class='ocr_line' id='line_1_2' title="bbox 146 481 803 562; baseline 0 -19"><span class='ocrx_word' id='word_1_3' title='bbox 146 482 302 562; x_wconf 70' lang='lat' dir='ltr'><strong>clangore</strong></span> <span class='ocrx_word' id='word_1_4' title='bbox 322 481 418 541; x_wconf 91' lang='lat' dir='ltr'><strong>multo</strong></span> <span class='ocrx_word' id='word_1_5' title='bbox 439 483 620 542; x_wconf 78' lang='lat' dir='ltr'><strong>Acredulam</strong></span> <span class='ocrx_word' id='word_1_6' title='bbox 643 484 803 543; x_wconf 86' lang='lat' dir='ltr'><strong>Budctiam</strong></span> 
     </span>
     <span class='ocr_line' id='line_1_3' title="bbox 148 567 757 644; baseline -0.003 -15"><span class='ocrx_word' id='word_1_7' title='bbox 148 568 265 629; x_wconf 82' lang='lat' dir='ltr'><strong>Galans</strong></span> <span class='ocrx_word' id='word_1_8' title='bbox 282 567 409 644; x_wconf 80' lang='lat' dir='ltr'><strong>rapinae</strong></span> <span class='ocrx_word' id='word_1_9' title='bbox 429 568 575 644; x_wconf 85' lang='lat' dir='ltr'><strong>nuptialis</strong></span> <span class='ocrx_word' id='word_1_10' title='bbox 597 569 757 628; x_wconf 85' lang='lat' dir='ltr'><strong>vindicem.</strong></span> 
     </span>
    </p>

    <p class='ocr_par' dir='ltr' id='par_1_3' title="bbox 148 652 673 731">
     <span class='ocr_line' id='line_1_4' title="bbox 148 652 673 731; baseline -0.002 -17"><span class='ocrx_word' id='word_1_11' title='bbox 148 658 206 714; x_wconf 83' lang='lat' dir='ltr'><strong>Ast</strong></span> <span class='ocrx_word' id='word_1_12' title='bbox 226 652 280 712; x_wconf 89' lang='lat' dir='ltr'><strong>illa</strong></span> <span class='ocrx_word' id='word_1_13' title='bbox 305 652 402 731; x_wconf 88' lang='lat' dir='ltr'><strong>signis</strong></span> <span class='ocrx_word' id='word_1_14' title='bbox 424 672 537 730; x_wconf 83' lang='lat' dir='ltr'><strong>aspero</strong></span> <span class='ocrx_word' id='word_1_15' title='bbox 558 654 673 731; x_wconf 86' lang='lat' dir='ltr'><strong>palatio</strong></span> 
     </span>
    </p>

    <p class='ocr_par' dir='ltr' id='par_1_4' title="bbox 146 738 789 900">
     <span class='ocr_line' id='line_1_5' title="bbox 147 738 789 816; baseline -0.003 -18"><span class='ocrx_word' id='word_1_16' title='bbox 147 739 253 816; x_wconf 89' lang='lat' dir='ltr'><strong>Pupas</strong></span> <span class='ocrx_word' id='word_1_17' title='bbox 277 755 443 798; x_wconf 79' lang='lat' dir='ltr'>coruscans</span> <span class='ocrx_word' id='word_1_18' title='bbox 465 738 591 797; x_wconf 88' lang='lat' dir='ltr'><strong>caelitus</strong></span> <span class='ocrx_word' id='word_1_19' title='bbox 616 738 789 811; x_wconf 79' lang='lat' dir='ltr'>minabitur,</span> 
     </span>
     <span class='ocr_line' id='line_1_6' title="bbox 146 822 762 900; baseline -0.002 -16"><span class='ocrx_word' id='word_1_20' title='bbox 146 825 253 900; x_wconf 83' lang='lat' dir='ltr'><strong>Lapsa</strong></span> <span class='ocrx_word' id='word_1_21' title='bbox 275 841 313 881; x_wconf 83' lang='lat' dir='ltr'><strong>ex</strong></span> <span class='ocrx_word' id='word_1_22' title='bbox 334 822 449 881; x_wconf 87' lang='lat' dir='ltr'><strong>ialanto</strong></span> <span class='ocrx_word' id='word_1_23' title='bbox 468 824 558 899; x_wconf 86' lang='lat' dir='ltr'><strong>patrii</strong></span> <span class='ocrx_word' id='word_1_24' title='bbox 581 824 644 883; x_wconf 91' lang='lat' dir='ltr'><strong>solo</strong></span> <span class='ocrx_word' id='word_1_25' title='bbox 665 824 762 897; x_wconf 86' lang='lat' dir='ltr'><strong>Iovis,</strong></span> 
     </span>
    </p>

    <p class='ocr_par' dir='ltr' id='par_1_5' title="bbox 147 906 716 985">
     <span class='ocr_line' id='line_1_7' title="bbox 147 906 716 985; baseline -0.004 -17"><span class='ocrx_word' id='word_1_26' title='bbox 147 912 214 968; x_wconf 89' lang='lat' dir='ltr'><strong>Avo</strong></span> <span class='ocrx_word' id='word_1_27' title='bbox 233 908 396 985; x_wconf 81' lang='lat' dir='ltr'><strong>imperanti</strong></span> <span class='ocrx_word' id='word_1_28' title='bbox 417 906 527 967; x_wconf 90' lang='lat' dir='ltr'><strong>nobilis</strong></span> <span class='ocrx_word' id='word_1_29' title='bbox 550 910 716 985; x_wconf 73' lang='lat' dir='ltr'><strong>possessio.</strong></span> 
     </span>
    </p>

    <p class='ocr_par' dir='ltr' id='par_1_6' title="bbox 147 993 868 1406">
     <span class='ocr_line' id='line_1_8' title="bbox 147 993 796 1054; baseline -0.006 0"><span class='ocrx_word' id='word_1_30' title='bbox 147 993 247 1054; x_wconf 86' lang='lat' dir='ltr'><strong>Unius</strong></span> <span class='ocrx_word' id='word_1_31' title='bbox 268 993 308 1052; x_wconf 91' lang='lat' dir='ltr'><strong>ob</strong></span> <span class='ocrx_word' id='word_1_32' title='bbox 333 1012 446 1051; x_wconf 84' lang='lat' dir='ltr'><strong>noxam</strong></span> <span class='ocrx_word' id='word_1_33' title='bbox 468 995 543 1052; x_wconf 84' lang='lat' dir='ltr'><strong>orba</strong></span> <span class='ocrx_word' id='word_1_34' title='bbox 564 995 647 1052; x_wconf 86' lang='lat' dir='ltr'><strong>mille</strong></span> <span class='ocrx_word' id='word_1_35' title='bbox 666 994 796 1052; x_wconf 76' lang='lat' dir='ltr'><strong>liberum</strong></span> 
     </span>
     <span class='ocr_line' id='line_1_9' title="bbox 149 1077 807 1154; baseline -0.003 -18"><span class='ocrx_word' id='word_1_36' title='bbox 149 1078 300 1137; x_wconf 75' lang='lat' dir='ltr'><strong>Turmulos</strong></span> <span class='ocrx_word' id='word_1_37' title='bbox 321 1077 428 1136; x_wconf 88' lang='lat' dir='ltr'><strong>inanes</strong></span> <span class='ocrx_word' id='word_1_38' title='bbox 449 1087 651 1154; x_wconf 85' lang='lat' dir='ltr'><strong>conqueretur</strong></span> <span class='ocrx_word' id='word_1_39' title='bbox 676 1078 807 1139; x_wconf 79' lang='lat' dir='ltr'><strong>Graecia</strong></span> 
     </span>
     <span class='ocr_line' id='line_1_10' title="bbox 148 1162 868 1238; baseline -0.004 -15"><span class='ocrx_word' id='word_1_40' title='bbox 148 1163 221 1223; x_wconf 91' lang='lat' dir='ltr'><strong>Non</strong></span> <span class='ocrx_word' id='word_1_41' title='bbox 241 1163 274 1220; x_wconf 89' lang='lat' dir='ltr'><strong>in</strong></span> <span class='ocrx_word' id='word_1_42' title='bbox 296 1163 455 1238; x_wconf 82' lang='lat' dir='ltr'><strong>sepulcris,</strong></span> <span class='ocrx_word' id='word_1_43' title='bbox 478 1163 532 1222; x_wconf 88' lang='lat' dir='ltr'><strong>sed</strong></span> <span class='ocrx_word' id='word_1_44' title='bbox 554 1164 645 1223; x_wconf 87' lang='lat' dir='ltr'><strong>maris</strong></span> <span class='ocrx_word' id='word_1_45' title='bbox 664 1163 757 1222; x_wconf 80' lang='lat' dir='ltr'><strong>lando</strong></span> <span class='ocrx_word' id='word_1_46' title='bbox 781 1162 868 1235; x_wconf 80' lang='lat' dir='ltr'><strong>sitos,</strong></span> 
     </span>
     <span class='ocr_line' id='line_1_11' title="bbox 149 1248 846 1327; baseline -0.003 -19"><span class='ocrx_word' id='word_1_47' title='bbox 149 1248 229 1325; x_wconf 82' lang='lat' dir='ltr'><strong>Regi</strong></span> <span class='ocrx_word' id='word_1_48' title='bbox 250 1266 425 1324; x_wconf 89' lang='lat' dir='ltr'><strong>supremum</strong></span> <span class='ocrx_word' id='word_1_49' title='bbox 446 1268 508 1306; x_wconf 91' lang='lat' dir='ltr'><strong>non</strong></span> <span class='ocrx_word' id='word_1_50' title='bbox 529 1255 666 1327; x_wconf 89' lang='lat' dir='ltr'><strong>tegentes</strong></span> <span class='ocrx_word' id='word_1_51' title='bbox 688 1248 846 1325; x_wconf 88' lang='lat' dir='ltr'><strong>pulverem</strong></span> 
     </span>
     <span class='ocr_line' id='line_1_12' title="bbox 147 1332 762 1406; baseline -0.007 -12"><span class='ocrx_word' id='word_1_52' title='bbox 147 1332 243 1394; x_wconf 81' lang='lat' dir='ltr'><strong>Urnis</strong></span> <span class='ocrx_word' id='word_1_53' title='bbox 266 1333 421 1406; x_wconf 80' lang='lat' dir='ltr'><strong>latentem,</strong></span> <span class='ocrx_word' id='word_1_54' title='bbox 443 1342 476 1390; x_wconf 92' lang='lat' dir='ltr'><strong>ut</strong></span> <span class='ocrx_word' id='word_1_55' title='bbox 495 1333 576 1392; x_wconf 83' lang='lat' dir='ltr'><strong>iusta</strong></span> <span class='ocrx_word' id='word_1_56' title='bbox 597 1334 762 1392; x_wconf 61' lang='lat' dir='ltr'><strong>donicalia}</strong></span> 
     </span>
    </p>

    <p class='ocr_par' dir='ltr' id='par_1_7' title="bbox 148 1416 860 1582">
     <span class='ocr_line' id='line_1_13' title="bbox 150 1416 860 1496; baseline -0.001 -17"><span class='ocrx_word' id='word_1_57' title='bbox 150 1416 213 1479; x_wconf 84' lang='lat' dir='ltr'><strong>Sed</strong></span> <span class='ocrx_word' id='word_1_58' title='bbox 234 1418 322 1477; x_wconf 90' lang='lat' dir='ltr'><strong>triste</strong></span> <span class='ocrx_word' id='word_1_59' title='bbox 344 1436 467 1490; x_wconf 79' lang='lat' dir='ltr'><strong>nomen,</strong></span> <span class='ocrx_word' id='word_1_60' title='bbox 491 1427 580 1494; x_wconf 83' lang='lat' dir='ltr'><strong>atque</strong></span> <span class='ocrx_word' id='word_1_61' title='bbox 599 1420 748 1496; x_wconf 77' lang='lat' dir='ltr'><strong>cespitum</strong></span> <span class='ocrx_word' id='word_1_62' title='bbox 771 1425 860 1478; x_wconf 80' lang='lat' dir='ltr'><strong>notas</strong></span> 
     </span>
     <span class='ocr_line' id='line_1_14' title="bbox 148 1503 749 1582; baseline 0 -21"><span class='ocrx_word' id='word_1_63' title='bbox 148 1504 314 1561; x_wconf 83' lang='lat' dir='ltr'><strong>Parentum</strong></span> <span class='ocrx_word' id='word_1_64' title='bbox 337 1503 443 1562; x_wconf 90' lang='lat' dir='ltr'><strong>amicis</strong></span> <span class='ocrx_word' id='word_1_65' title='bbox 465 1504 605 1582; x_wconf 84' lang='lat' dir='ltr'><strong>irrigatas</strong></span> <span class='ocrx_word' id='word_1_66' title='bbox 629 1505 749 1563; x_wconf 86' lang='lat' dir='ltr'><strong>fletibus</strong></span> 
     </span>
    </p>

    <p class='ocr_par' dir='ltr' id='par_1_8' title="bbox 148 1586 942 2086">
     <span class='ocr_line' id='line_1_15' title="bbox 149 1586 778 1665; baseline -0.002 -19"><span class='ocrx_word' id='word_1_67' title='bbox 149 1588 190 1646; x_wconf 86' lang='lat' dir='ltr'><strong>Et</strong></span> <span class='ocrx_word' id='word_1_68' title='bbox 207 1587 368 1646; x_wconf 91' lang='lat' dir='ltr'><strong>liberorum</strong></span> <span class='ocrx_word' id='word_1_69' title='bbox 380 1586 531 1647; x_wconf 61' lang='lat' dir='ltr'><strong>‘lacrumis</strong></span> <span class='ocrx_word' id='word_1_70' title='bbox 555 1597 585 1647; x_wconf 89' lang='lat' dir='ltr'><strong>et</strong></span> <span class='ocrx_word' id='word_1_71' title='bbox 607 1590 778 1665; x_wconf 90' lang='lat' dir='ltr'><strong>coniugum.</strong></span> 
     </span>
     <span class='ocr_line' id='line_1_16' title="bbox 151 1672 806 1750; baseline -0.008 -17"><span class='ocrx_word' id='word_1_72' title='bbox 151 1672 296 1750; x_wconf 80' lang='lat' dir='ltr'><strong>Ophelte,</strong></span> <span class='ocrx_word' id='word_1_73' title='bbox 319 1680 411 1747; x_wconf 89' lang='lat' dir='ltr'><strong>tuque</strong></span> <span class='ocrx_word' id='word_1_74' title='bbox 433 1675 552 1750; x_wconf 87' lang='lat' dir='ltr'><strong>rupium</strong></span> <span class='ocrx_word' id='word_1_75' title='bbox 575 1683 675 1733; x_wconf 84' lang='lat' dir='ltr'><strong>custos</strong></span> <span class='ocrx_word' id='word_1_76' title='bbox 695 1674 806 1743; x_wconf 79' lang='lat' dir='ltr'><strong>Zarex,</strong></span> 
     </span>
     <span class='ocr_line' id='line_1_17' title="bbox 148 1754 942 1834; baseline -0.003 -19"><span class='ocrx_word' id='word_1_77' title='bbox 148 1757 333 1834; x_wconf 83' lang='lat' dir='ltr'><strong>Patraeque,</strong></span> <span class='ocrx_word' id='word_1_78' title='bbox 354 1764 386 1815; x_wconf 92' lang='lat' dir='ltr'><strong>tu</strong></span> <span class='ocrx_word' id='word_1_79' title='bbox 408 1758 571 1834; x_wconf 82' lang='lat' dir='ltr'><strong>Trychata‚</strong></span> <span class='ocrx_word' id='word_1_80' title='bbox 592 1766 684 1833; x_wconf 86' lang='lat' dir='ltr'><strong>tuque</strong></span> <span class='ocrx_word' id='word_1_81' title='bbox 706 1774 798 1833; x_wconf 83' lang='lat' dir='ltr'><strong>asper</strong></span> <span class='ocrx_word' id='word_1_82' title='bbox 819 1754 942 1828; x_wconf 78' lang='lat' dir='ltr'><strong>Nedon,</strong></span> 
     </span>
     <span class='ocr_line' id='line_1_18' title="bbox 149 1841 823 1918; baseline -0.006 -17"><span class='ocrx_word' id='word_1_83' title='bbox 149 1843 191 1901; x_wconf 77' lang='lat' dir='ltr'><strong>Et</strong></span> <span class='ocrx_word' id='word_1_84' title='bbox 213 1861 289 1901; x_wconf 86' lang='lat' dir='ltr'><strong>saxa</strong></span> <span class='ocrx_word' id='word_1_85' title='bbox 308 1842 470 1918; x_wconf 87' lang='lat' dir='ltr'><strong>Dirphossi</strong></span> <span class='ocrx_word' id='word_1_86' title='bbox 491 1842 593 1900; x_wconf 91' lang='lat' dir='ltr'><strong>omnia</strong></span> <span class='ocrx_word' id='word_1_87' title='bbox 614 1850 645 1900; x_wconf 89' lang='lat' dir='ltr'><strong>ct</strong></span> <span class='ocrx_word' id='word_1_88' title='bbox 664 1841 823 1900; x_wconf 80' lang='lat' dir='ltr'><strong>Diacrium</strong></span> 
     </span>
     <span class='ocr_line' id='line_1_19' title="bbox 151 1926 810 2005; baseline -0.011 -16"><span class='ocrx_word' id='word_1_89' title='bbox 151 1926 270 2005; x_wconf 85' lang='lat' dir='ltr'><strong>Specus</strong></span> <span class='ocrx_word' id='word_1_90' title='bbox 291 1928 410 1986; x_wconf 76' lang='lat' dir='ltr'><strong>hiantes</strong></span> <span class='ocrx_word' id='word_1_91' title='bbox 432 1930 521 2002; x_wconf 82' lang='lat' dir='ltr'><strong>atque</strong></span> <span class='ocrx_word' id='word_1_92' title='bbox 542 1927 710 2005; x_wconf 87' lang='lat' dir='ltr'><strong>Phorcynis</strong></span> <span class='ocrx_word' id='word_1_93' title='bbox 728 1927 810 2003; x_wconf 83' lang='lat' dir='ltr'><strong>iuga,</strong></span> 
     </span>
     <span class='ocr_line' id='line_1_20' title="bbox 151 2010 785 2086; baseline 0 -17"><span class='ocrx_word' id='word_1_94' title='bbox 151 2010 234 2086; x_wconf 80' lang='lat' dir='ltr'><strong>Quot</strong></span> <span class='ocrx_word' id='word_1_95' title='bbox 253 2014 450 2071; x_wconf 88' lang='lat' dir='ltr'><strong>fluctuantum</strong></span> <span class='ocrx_word' id='word_1_96' title='bbox 464 2013 579 2071; x_wconf 34' lang='lat' dir='ltr'><strong>*nenias</strong></span> <span class='ocrx_word' id='word_1_97' title='bbox 606 2012 785 2072; x_wconf 85' lang='lat' dir='ltr'><strong>cadaverum</strong></span> 
     </span>
    </p>

    <p class='ocr_par' dir='ltr' id='par_1_9' title="bbox 150 2096 924 2685">
     <span class='ocr_line' id='line_1_21' title="bbox 151 2096 744 2175; baseline -0.003 -18"><span class='ocrx_word' id='word_1_98' title='bbox 151 2096 228 2157; x_wconf 86' lang='lat' dir='ltr'><strong>Cum</strong></span> <span class='ocrx_word' id='word_1_99' title='bbox 246 2098 404 2173; x_wconf 83' lang='lat' dir='ltr'><strong>dissipatis</strong></span> <span class='ocrx_word' id='word_1_100' title='bbox 430 2096 558 2157; x_wconf 89' lang='lat' dir='ltr'><strong>audietis</strong></span> <span class='ocrx_word' id='word_1_101' title='bbox 576 2099 744 2175; x_wconf 84' lang='lat' dir='ltr'><strong>puppibus:</strong></span> 
     </span>
     <span class='ocr_line' id='line_1_22' title="bbox 151 2182 908 2259; baseline 0 -19"><span class='ocrx_word' id='word_1_102' title='bbox 151 2183 306 2259; x_wconf 77' lang='lat' dir='ltr'><strong>Quantum</strong></span> <span class='ocrx_word' id='word_1_103' title='bbox 327 2183 485 2241; x_wconf 88' lang='lat' dir='ltr'><strong>tumultum</strong></span> <span class='ocrx_word' id='word_1_104' title='bbox 509 2202 692 2243; x_wconf 88' lang='lat' dir='ltr'><strong>murmurum</strong></span> <span class='ocrx_word' id='word_1_105' title='bbox 714 2182 908 2241; x_wconf 85' lang='lat' dir='ltr'><strong>infraenabili</strong></span> 
     </span>
     <span class='ocr_line' id='line_1_23' title="bbox 150 2266 825 2346; baseline -0.001 -20"><span class='ocrx_word' id='word_1_106' title='bbox 150 2267 403 2344; x_wconf 87' lang='lat' dir='ltr'><strong>Reciprocautsm</strong></span> <span class='ocrx_word' id='word_1_107' title='bbox 424 2269 571 2328; x_wconf 79' lang='lat' dir='ltr'><strong>vorticum</strong></span> <span class='ocrx_word' id='word_1_108' title='bbox 594 2286 719 2346; x_wconf 86' lang='lat' dir='ltr'><strong>spumas</strong></span> <span class='ocrx_word' id='word_1_109' title='bbox 742 2266 825 2326; x_wconf 82' lang='lat' dir='ltr'><strong>salo:</strong></span> 
     </span>
     <span class='ocr_line' id='line_1_24' title="bbox 151 2350 849 2429; baseline -0.004 -18"><span class='ocrx_word' id='word_1_110' title='bbox 151 2350 234 2425; x_wconf 80' lang='lat' dir='ltr'><strong>Quot</strong></span> <span class='ocrx_word' id='word_1_111' title='bbox 258 2352 367 2410; x_wconf 84' lang='lat' dir='ltr'><strong>deinde</strong></span> <span class='ocrx_word' id='word_1_112' title='bbox 384 2354 515 2412; x_wconf 88' lang='lat' dir='ltr'><strong>thuunos</strong></span> <span class='ocrx_word' id='word_1_113' title='bbox 537 2355 633 2412; x_wconf 84' lang='lat' dir='ltr'><strong>saucii</strong></span> <span class='ocrx_word' id='word_1_114' title='bbox 652 2352 849 2429; x_wconf 80' lang='lat' dir='ltr'><strong>compagibus</strong></span> 
     </span>
     <span class='ocr_line' id='line_1_25' title="bbox 150 2436 839 2512; baseline -0.003 -16"><span class='ocrx_word' id='word_1_115' title='bbox 150 2437 200 2496; x_wconf 88' lang='lat' dir='ltr'><strong>Ad</strong></span> <span class='ocrx_word' id='word_1_116' title='bbox 223 2456 301 2496; x_wconf 83' lang='lat' dir='ltr'><strong>saxa</strong></span> <span class='ocrx_word' id='word_1_117' title='bbox 323 2438 427 2496; x_wconf 84' lang='lat' dir='ltr'><strong>fractis</strong></span> <span class='ocrx_word' id='word_1_118' title='bbox 453 2438 586 2510; x_wconf 86' lang='lat' dir='ltr'><strong>verticis,</strong></span> <span class='ocrx_word' id='word_1_119' title='bbox 610 2456 687 2512; x_wconf 92' lang='lat' dir='ltr'><strong>quos</strong></span> <span class='ocrx_word' id='word_1_120' title='bbox 712 2436 839 2494; x_wconf 85' lang='lat' dir='ltr'><strong>caelitus</strong></span> 
     </span>
     <span class='ocr_line' id='line_1_26' title="bbox 151 2522 924 2597; baseline -0.005 -16"><span class='ocrx_word' id='word_1_121' title='bbox 151 2522 255 2581; x_wconf 89' lang='lat' dir='ltr'><strong>Noctu</strong></span> <span class='ocrx_word' id='word_1_122' title='bbox 274 2524 416 2582; x_wconf 85' lang='lat' dir='ltr'><strong>rubentes</strong></span> <span class='ocrx_word' id='word_1_123' title='bbox 439 2522 600 2581; x_wconf 87' lang='lat' dir='ltr'><strong>manubiae</strong></span> <span class='ocrx_word' id='word_1_124' title='bbox 623 2522 752 2580; x_wconf 88' lang='lat' dir='ltr'><strong>obstitos</strong></span> <span class='ocrx_word' id='word_1_125' title='bbox 776 2525 924 2597; x_wconf 83' lang='lat' dir='ltr'><strong>prement,</strong></span> 
     </span>
     <span class='ocr_line' id='line_1_27' title="bbox 150 2605 727 2685; baseline -0.009 -18"><span class='ocrx_word' id='word_1_126' title='bbox 150 2608 213 2667; x_wconf 91' lang='lat' dir='ltr'><strong>Ubi</strong></span> <span class='ocrx_word' id='word_1_127' title='bbox 234 2607 305 2666; x_wconf 87' lang='lat' dir='ltr'><strong>flore</strong></span> <span class='ocrx_word' id='word_1_128' title='bbox 323 2608 384 2665; x_wconf 93' lang='lat' dir='ltr'><strong>iam</strong></span> <span class='ocrx_word' id='word_1_129' title='bbox 407 2607 602 2685; x_wconf 81' lang='lat' dir='ltr'><strong>vertiginosis</strong></span> <span class='ocrx_word' id='word_1_130' title='bbox 622 2605 727 2664; x_wconf 89' lang='lat' dir='ltr'><strong>Liberi</strong></span> 
     </span>
    </p>

    <p class='ocr_par' dir='ltr' id='par_1_10' title="bbox 151 2690 763 2751">
     <span class='ocr_line' id='line_1_28' title="bbox 151 2690 763 2751; baseline -0.005 -1"><span class='ocrx_word' id='word_1_131' title='bbox 151 2692 281 2751; x_wconf 87' lang='lat' dir='ltr'><strong>Lucebit</strong></span> <span class='ocrx_word' id='word_1_132' title='bbox 301 2693 431 2750; x_wconf 89' lang='lat' dir='ltr'><strong>indicem</strong></span> <span class='ocrx_word' id='word_1_133' title='bbox 454 2693 647 2750; x_wconf 88' lang='lat' dir='ltr'><strong>tenebrarum</strong></span> <span class='ocrx_word' id='word_1_134' title='bbox 667 2690 763 2749; x_wconf 82' lang='lat' dir='ltr'><strong>facem</strong></span> 
     </span>
    </p>

    <p class='ocr_par' dir='ltr' id='par_1_11' title="bbox 150 2775 799 2855">
     <span class='ocr_line' id='line_1_29' title="bbox 150 2775 799 2855; baseline -0.006 -19"><span class='ocrx_word' id='word_1_135' title='bbox 150 2777 240 2837; x_wconf 86' lang='lat' dir='ltr'><strong>Ultor</strong></span> <span class='ocrx_word' id='word_1_136' title='bbox 261 2778 382 2836; x_wconf 90' lang='lat' dir='ltr'><strong>nocenti</strong></span> <span class='ocrx_word' id='word_1_137' title='bbox 398 2776 529 2855; x_wconf 84' lang='lat' dir='ltr'><strong>pervigil</strong></span> <span class='ocrx_word' id='word_1_138' title='bbox 551 2795 641 2835; x_wconf 90' lang='lat' dir='ltr'><strong>curae</strong></span> <span class='ocrx_word' id='word_1_139' title='bbox 663 2775 799 2834; x_wconf 86' lang='lat' dir='ltr'><strong>studens.</strong></span> 
     </span>
    </p>

    <p class='ocr_par' dir='ltr' id='par_1_12' title="bbox 123 2857 892 3109">
     <span class='ocr_line' id='line_1_30' title="bbox 123 2857 892 2936; baseline -0.005 -15"><span class='ocrx_word' id='word_1_140' title='bbox 123 2926 127 2933; x_wconf 63' lang='lat'><em>„</em></span> <span class='ocrx_word' id='word_1_141' title='bbox 151 2866 195 2921; x_wconf 85' lang='lat' dir='ltr'><strong>At</strong></span> <span class='ocrx_word' id='word_1_142' title='bbox 213 2863 292 2920; x_wconf 91' lang='lat' dir='ltr'><strong>hunc</strong></span> <span class='ocrx_word' id='word_1_143' title='bbox 311 2873 345 2920; x_wconf 92' lang='lat' dir='ltr'><strong>ut</strong></span> <span class='ocrx_word' id='word_1_144' title='bbox 364 2863 590 2921; x_wconf 86' lang='lat' dir='ltr'><strong>amburvantem</strong></span> <span class='ocrx_word' id='word_1_145' title='bbox 614 2860 701 2936; x_wconf 89' lang='lat' dir='ltr'><strong>aquis</strong></span> <span class='ocrx_word' id='word_1_146' title='bbox 724 2857 892 2921; x_wconf 80' lang='lat' dir='ltr'><strong>alcedinem</strong></span> 
     </span>
     <span class='ocr_line' id='line_1_31' title="bbox 151 2944 808 3022; baseline -0.011 -16"><span class='ocrx_word' id='word_1_147' title='bbox 151 2947 214 3006; x_wconf 89' lang='lat' dir='ltr'><strong>Per</strong></span> <span class='ocrx_word' id='word_1_148' title='bbox 235 2965 314 3006; x_wconf 84' lang='lat' dir='ltr'><strong>saxa</strong></span> <span class='ocrx_word' id='word_1_149' title='bbox 333 2947 436 3022; x_wconf 88' lang='lat' dir='ltr'><strong>iniqua</strong></span> <span class='ocrx_word' id='word_1_150' title='bbox 456 2947 578 3005; x_wconf 85' lang='lat' dir='ltr'><strong>velitem</strong></span> <span class='ocrx_word' id='word_1_151' title='bbox 601 2947 709 3004; x_wconf 89' lang='lat' dir='ltr'><strong>fluetus</strong></span> <span class='ocrx_word' id='word_1_152' title='bbox 730 2944 808 3002; x_wconf 89' lang='lat' dir='ltr'><strong>feret</strong></span> 
     </span>
     <span class='ocr_line' id='line_1_32' title="bbox 150 3029 786 3109; baseline -0.008 -18"><span class='ocrx_word' id='word_1_153' title='bbox 150 3035 262 3091; x_wconf 83' lang='lat' dir='ltr'><strong>Actum</strong></span> <span class='ocrx_word' id='word_1_154' title='bbox 283 3032 428 3109; x_wconf 89' lang='lat' dir='ltr'><strong>procellis</strong></span> <span class='ocrx_word' id='word_1_155' title='bbox 448 3034 528 3090; x_wconf 88' lang='lat' dir='ltr'><strong>inter</strong></span> <span class='ocrx_word' id='word_1_156' title='bbox 547 3050 616 3091; x_wconf 91' lang='lat' dir='ltr'><strong>aras</strong></span> <span class='ocrx_word' id='word_1_157' title='bbox 639 3029 786 3107; x_wconf 85' lang='lat' dir='ltr'><strong>duplices.</strong></span> 
     </span>
    </p>
   </div>
   <div class='ocr_carea' id='block_1_3' title="bbox 40 3112 801 3194">
    <p class='ocr_par' dir='ltr' id='par_1_13' title="bbox 40 3112 801 3194">
     <span class='ocr_line' id='line_1_33' title="bbox 40 3112 801 3194; baseline -0.011 -16"><span class='ocrx_word' id='word_1_158' title='bbox 40 3118 45 3125; x_wconf 85' lang='grc'><strong><em>’</em></strong></span> <span class='ocrx_word' id='word_1_159' title='bbox 152 3116 308 3194; x_wconf 79' lang='lat' dir='ltr'><strong>(lyrisque</strong></span> <span class='ocrx_word' id='word_1_160' title='bbox 328 3118 446 3177; x_wconf 89' lang='lat' dir='ltr'><strong>siccans</strong></span> <span class='ocrx_word' id='word_1_161' title='bbox 466 3118 498 3175; x_wconf 91' lang='lat' dir='ltr'><strong>iu</strong></span> <span class='ocrx_word' id='word_1_162' title='bbox 520 3118 615 3194; x_wconf 89' lang='lat' dir='ltr'><strong>petris</strong></span> <span class='ocrx_word' id='word_1_163' title='bbox 638 3116 704 3174; x_wconf 86' lang='lat' dir='ltr'><strong>alas</strong></span> <span class='ocrx_word' id='word_1_164' title='bbox 725 3112 801 3171; x_wconf 84' lang='lat' dir='ltr'><strong>mari</strong></span> 
     </span>
    </p>
   </div>
   <div class='ocr_carea' id='block_1_4' title="bbox 150 3197 939 3619">
    <p class='ocr_par' dir='ltr' id='par_1_14' title="bbox 150 3197 830 3365">
     <span class='ocr_line' id='line_1_34' title="bbox 153 3197 830 3275; baseline -0.01 -14"><span class='ocrx_word' id='word_1_165' title='bbox 153 3202 249 3261; x_wconf 84' lang='lat' dir='ltr'><strong>Multo</strong></span> <span class='ocrx_word' id='word_1_166' title='bbox 270 3203 439 3275; x_wconf 85' lang='lat' dir='ltr'><strong>madentes,</strong></span> <span class='ocrx_word' id='word_1_167' title='bbox 456 3202 584 3261; x_wconf 88' lang='lat' dir='ltr'><strong>altorum</strong></span> <span class='ocrx_word' id='word_1_168' title='bbox 606 3220 690 3259; x_wconf 89' lang='lat' dir='ltr'><strong>mare</strong></span> <span class='ocrx_word' id='word_1_169' title='bbox 712 3197 830 3257; x_wconf 89' lang='lat' dir='ltr'><strong>hauriet</strong></span> 
     </span>
     <span class='ocr_line' id='line_1_35' title="bbox 150 3286 765 3365; baseline -0.005 -19"><span class='ocrx_word' id='word_1_170' title='bbox 150 3287 325 3365; x_wconf 84' lang='lat' dir='ltr'><strong>Perpessus</strong></span> <span class='ocrx_word' id='word_1_171' title='bbox 348 3289 425 3346; x_wconf 89' lang='lat' dir='ltr'><strong>ictus</strong></span> <span class='ocrx_word' id='word_1_172' title='bbox 449 3306 467 3345; x_wconf 89' lang='lat' dir='ltr'><strong>a</strong></span> <span class='ocrx_word' id='word_1_173' title='bbox 486 3287 616 3345; x_wconf 86' lang='lat' dir='ltr'><strong>tridente</strong></span> <span class='ocrx_word' id='word_1_174' title='bbox 635 3286 765 3358; x_wconf 83' lang='lat' dir='ltr'><strong>fuscina,</strong></span> 
     </span>
    </p>

    <p class='ocr_par' dir='ltr' id='par_1_15' title="bbox 151 3371 798 3448">
     <span class='ocr_line' id='line_1_36' title="bbox 151 3371 798 3448; baseline -0.005 -18"><span class='ocrx_word' id='word_1_175' title='bbox 151 3371 222 3446; x_wconf 77' lang='lat' dir='ltr'><strong>Qua</strong></span> <span class='ocrx_word' id='word_1_176' title='bbox 242 3372 323 3432; x_wconf 89' lang='lat' dir='ltr'><strong>ultor</strong></span> <span class='ocrx_word' id='word_1_177' title='bbox 343 3372 428 3432; x_wconf 89' lang='lat' dir='ltr'><strong>illum</strong></span> <span class='ocrx_word' id='word_1_178' title='bbox 450 3371 613 3431; x_wconf 89' lang='lat' dir='ltr'><strong>vulnerans</strong></span> <span class='ocrx_word' id='word_1_179' title='bbox 640 3371 798 3448; x_wconf 89' lang='lat' dir='ltr'><strong>operarius</strong></span> 
     </span>
    </p>

    <p class='ocr_par' dir='ltr' id='par_1_16' title="bbox 152 3454 939 3619">
     <span class='ocr_line' id='line_1_37' title="bbox 153 3454 939 3537; baseline -0.008 -20"><span class='ocrx_word' id='word_1_180' title='bbox 153 3455 232 3517; x_wconf 81' lang='lat' dir='ltr'><strong>Cum</strong></span> <span class='ocrx_word' id='word_1_181' title='bbox 244 3459 336 3518; x_wconf 83' lang='lat' dir='ltr'><strong>&#39;orcis</strong></span> <span class='ocrx_word' id='word_1_182' title='bbox 358 3458 460 3537; x_wconf 87' lang='lat' dir='ltr'><strong>adiget</strong></span> <span class='ocrx_word' id='word_1_183' title='bbox 481 3457 594 3517; x_wconf 85' lang='lat' dir='ltr'><strong>habere</strong></span> <span class='ocrx_word' id='word_1_184' title='bbox 613 3475 803 3516; x_wconf 90' lang='lat' dir='ltr'><strong>communem</strong></span> <span class='ocrx_word' id='word_1_185' title='bbox 825 3454 939 3533; x_wconf 84' lang='lat' dir='ltr'><strong>iugum,</strong></span> 
     </span>
     <span class='ocr_line' id='line_1_38' title="bbox 152 3541 751 3619; baseline -0.002 -18"><span class='ocrx_word' id='word_1_186' title='bbox 152 3541 243 3602; x_wconf 86' lang='lat' dir='ltr'><strong>Vano</strong></span> <span class='ocrx_word' id='word_1_187' title='bbox 266 3543 414 3602; x_wconf 89' lang='lat' dir='ltr'><strong>cucullum</strong></span> <span class='ocrx_word' id='word_1_188' title='bbox 430 3544 618 3604; x_wconf 85' lang='lat' dir='ltr'><strong>blattientcm</strong></span> <span class='ocrx_word' id='word_1_189' title='bbox 637 3543 751 3619; x_wconf 89' lang='lat' dir='ltr'><strong>pipulo.</strong></span> 
     </span>
    </p>
   </div>
   <div class='ocr_carea' id='block_1_5' title="bbox 0 0 1300 4214">
    <p class='ocr_par' dir='ltr' id='par_1_17' title="bbox 0 0 1300 4214">
     <span class='ocr_line' id='line_1_39' title="bbox 0 0 1300 4214; baseline 0 0"><span class='ocrx_word' id='word_1_190' title='bbox 0 0 1300 4214; x_wconf 95' lang='lat' dir='ltr'><strong> </strong></span> 
     </span>
    </p>
   </div>
  </div>
 </body>
</html>
