2502 4218
474 348 625 442 E*—

100 512 232 571 Laudare
254 515 394 591 quemvis
413 522 446 572 ut
466 516 597 574 libenter
616 517 737 595 diligas,

99 597 226 656 Laudari
247 601 286 658 ab
310 599 364 658 ilde
386 599 529 673 vellete,
552 621 640 677 quem
663 603 774 681 diligis.

100 771 147 832 26.
190 772 342 851 Quidquid
364 775 495 853 benigue
514 777 655 849 fecimus,
676 777 767 852 perit:
792 776 853 838 uisi
874 780 906 838 id

98 857 210 916 Bonum
232 860 440 933 admonentes,
464 862 670 938 exprimentes
692 878 712 918 a
728 862 810 922 male

99 941 277 1019 Recipimus.
304 963 408 1003 aurem
428 954 514 1023 grata
535 967 598 1005 non
619 965 687 1004 raro
710 946 769 1004 sibi

99 1026 175 1086 Velli
195 1030 334 1088 voluntas
356 1030 479 1106 patitur.
505 1050 524 1088 a
543 1032 625 1090 malo
648 1030 739 1108 exige

98 1110 169 1172 Plus
189 1133 277 1190 quam
301 1115 376 1173 satis
401 1116 451 1188 sit,
471 1123 505 1173 ut
525 1117 618 1189 feras,
640 1123 785 1192 quantum
809 1123 934 1175 satsat.

100 1281 147 1338 27.
189 1282 262 1342 Non
283 1284 387 1341 adfluit
406 1302 466 1358 me,
491 1285 518 1344 si
539 1284 611 1361 quid
633 1285 787 1362 expressit
803 1286 906 1359 rubor,
988 1322 991 1331 ·

98 1363 161 1424 Nee
180 1369 232 1445 qui
253 1370 380 1447 pudore,
403 1379 512 1446 sponte
531 1369 609 1445 quud
628 1388 688 1427 nen
708 1369 783 1442 vult,
803 1370 886 1433 fauit

101 1448 187 1528 Sequi
207 1455 388 1527 trahentem,
407 1455 455 1512 eui
480 1454 570 1512 reniti
592 1463 623 1511 te
644 1455 738 1532 piget,

99 1534 165 1596 Non
188 1546 235 1598 est
255 1539 405 1612 voluntas,
427 1540 539 1598 frontis*
555 1549 602 1598 est
619 1538 790 1597 iufirmitas.

100 1704 144 1765 28.
188 1706 248 1780 Qui
266 1707 319 1764 dat
338 1707 478 1780 libenter,
501 1716 533 1765 et
551 1708 663 1779 statim,
683 1708 731 1766 bis
753 1707 882 1784 obligat:

98 1788 286 1850 Deliberator
306 1792 387 1868 quod
408 1793 470 1865 dat,
492 1794 551 1851 hue
578 1793 659 1869 capit
683 1792 757 1850 sibi:

98 1874 133 1934 Et
149 1878 201 1953 qui
223 1885 369 1951 moratur,
392 1888 441 1936 est
460 1879 582 1964 neganti
603 1878 771 1955 proximus.
869 1903 872 1909 ’

99 2044 145 2103 29.
189 2043 224 2106 Si
241 2063 319 2120 quae
335 2047 467 2124 benigne
487 2048 602 2105 amicus
627 2047 658 2103 in
680 2057 710 2103 te
729 2046 845 2116 feeerit,

98 2127 145 2189 sie
163 2138 282 2209 gratum
304 2150 409 2190 eorum
431 2139 461 2188 te
484 2149 573 2209 geras
593 2133 800 2208 interpretem,

98 2212 135 2274 Ut
156 2217 265 2293 dignus
290 2216 370 2288 aliis,
390 2218 452 2275 ieta
472 2218 541 2309 dum
565 2218 690 2293 accipis,
711 2216 791 2274 fuas.

99 2382 145 2442 30.
189 2385 248 2443 Est
269 2403 358 2460 quem
380 2404 491 2462 rogare
516 2386 611 2445 vetuit
629 2386 767 2443 infirmus
788 2383 906 2460 pudori

97 2467 151 2527 list
170 2477 260 2544 quem
282 2489 391 2547 rugare
415 2469 562 2546 compulit
586 2470 762 2528 necessitas.

97 2551 173 2626 Quid
195 2555 274 2625 huie,
295 2554 366 2630 quid
384 2554 431 2611 illi
451 2555 552 2612 facere
573 2562 604 2612 te
626 2572 747 2612 munem
771 2552 932 2611 audaeus

97 2636 274 2715 Explendus
295 2638 350 2696 ilie
374 2647 431 2712 est,
452 2640 522 2697 huie
543 2639 672 2698 eundum
695 2647 743 2698 est
764 2638 895 2698 obviam.

97 2722 173 2781 Veta
195 2726 275 2781 hune
295 2726 416 2796 rubere,
436 2725 576 2801 precibus
598 2724 680 2784 illius
701 2726 781 2785 iuva.

97 2807 131 2866 In
148 2810 355 2886 promerenda
374 2811 473 2887 gratia
495 2810 609 2886 primns
633 2811 744 2887 gradus

96 2891 161 2967 Est,
185 2913 331 2970 occupare
352 2903 435 2965 uota3
458 2896 614 2971 proximus
642 2897 736 2970 sequi.

98 3063 146 3120 31.
190 3062 250 3120 Hie
268 3082 378 3140 nempe
400 3064 463 3122 voti
484 3065 565 3137 finis,
590 3063 670 3120 ultra
690 3061 795 3138 iugera

96 3147 192 3206 Fundi
214 3148 334 3225 paterni
358 3168 545 3208 summovere
567 3147 703 3205 limitem.

98 3231 148 3293 sic
168 3233 263 3290 multa
283 3235 433 3306 habendo,
456 3235 499 3293 ui]
521 3236 625 3292 habes.
646 3249 703 3289 nae
722 3230 859 3300 interest,

99 3317 196 3394 Quam
217 3319 381 3377 maximum
404 3320 455 3392 sit,
477 3320 556 3393 qued
579 3318 635 3376 tibi
657 3324 705 3375 est
721 3313 934 3390 pauxillulam,

99 3401 156 3476 Qui
179 3404 222 3462 sie
247 3404 363 3481 egendo
385 3403 541 3480 possidere
562 3412 592 3461 te
615 3411 714 3479 putes.

98 3486 235 3564 Namque
255 3489 430 3565 empturire,
453 3488 560 3565 opinio
576 3488 761 3565 indigentiae
784 3492 848 3543 est:

98 3572 136 3632 Et
157 3592 226 3634 esse
245 3592 391 3647 emacem,
416 3592 450 3633 se
470 3570 562 3632 fateri
582 3582 756 3649 pauperem.
