2532 4216
503 345 649 439 ,21-

117 513 224 571 lnflata
245 513 424 571 verberare
447 533 505 572 uon
528 516 672 574 Achaico.
724 517 847 595 [Verpii.
862 478 948 577 catal.
958 518 987 590 7,
997 518 1026 594 l]

118 596 233 658 Stolide
256 598 458 655 facetailucit
481 601 561 657 hunc
576 601 733 659 vernilitas

117 684 252 760 Linguae
273 683 419 760 elegantis
439 703 599 761 perperam
619 686 766 746 affectans
786 687 877 746 sales.

117 769 202 828 Alius
216 767 359 842 loquendi
373 770 465 845 figere
483 771 606 847 ignarus
626 771 744 828 modum
781 771 1033 847 [Doazapateril

119 854 292 913 Orationem
315 853 446 911 admittit
467 865 554 913 extra
572 856 728 927 terminos,

119 939 214 1014 Quem
237 958 297 996 non
320 939 448 997 habenis
471 939 576 1000 Circus
601 940 706 999 effusis
726 938 816 1016 capit.

120 1024 168 1083 sie
188 1023 340 1081 incolendi
361 1016 462 1099 perdit
484 1045 604 1084 omnem
627 1026 753 1103 gratiam

118 1108 152 1166 ln
171 1109 331 1166 laxitatem
352 1109 432 1168 ruris
452 1129 615 1169 excurrens
639 1112 757 1169 domus.
833 1109 1028 1186 [Saietae]
1108 1166 1111 1173 .

120 1194 253 1253 Offendit
275 1193 351 1252 alios
373 1193 506 1270 planitas
529 1196 708 1271 aequabilis,
883 1195 1028 1272 [lipsius]

120 1279 215 1354 Quam
239 1277 356 1338 Caesar
376 1278 458 1353 olim,
484 1299 574 1355 quam
593 1281 710 1340 colebat
729 1280 866 1353 Tullius3

120 1362 305 1422 Constrictae
326 1364 357 1421 in
379 1372 492 1422 arctum
512 1384 588 1441 qnos
607 1367 712 1424 iuvant
731 1366 877 1444 argutiae,

120 1449 203 1524 Quae
225 1467 283 1525 per
302 1447 439 1507 salebras
460 1450 605 1523 saltitant
627 1472 687 1509 non
709 1451 877 1522 ambulant3

118 1534 164 1607 Et,
187 1535 258 1592 dum
281 1534 412 1610 legentis
434 1536 538 1593 haeret
561 1537 759 1614 exspectatio,

118 1618 360 1696 Intelligendum,
383 1638 473 1694 quam
493 1622 665 1698 legendum,
682 1622 752 1697 plus
768 1621 876 1678 ferunt.
914 1619 1028 1695 [Seuer.

158 1705 246 1781 Quae
270 1702 400 1761 delicata
422 1705 485 1763 vult
507 1706 617 1763 morari
638 1706 763 1777 lumina,
956 1707 986 1764 ll.
999 1706 1029 1781 l]

118 1790 155 1847 Et
168 1790 308 1864 linquere
325 1788 445 1863 animis,
461 1791 538 1864 qnod
556 1797 728 1867 reportetur
745 1791 877 1862 domum,

120 1873 163 1934 Sit
183 1873 371 1946 succulenta,
393 1894 452 1932 non
475 1875 570 1934 obesa
593 1874 699 1948 oratio,

119 1960 259 2031 Illustris,
281 1968 364 2036 apta,
387 1960 511 2032 nobilis,
532 1979 601 2020 sese
621 1961 751 2018 efferens

118 2044 185 2103 Non
204 2044 284 2102 mole
307 2045 418 2116 carnis,
442 2046 496 2103 sed
519 2046 628 2104 torosis
650 2047 782 2104 artubus.

120 2129 271 2190 Sermonis
291 2130 353 2188 ista
375 2131 501 2202 sanitas,
523 2139 556 2187 ut
580 2132 727 2207 corporis3

118 2215 187 2274 Non
210 2233 288 2274 sana
308 2221 424 2271 tantum
446 2217 592 2287 membra,
615 2235 718 2274 verum
742 2215 865 2272 alacris.

120 2299 163 2360 Sit
182 2318 344 2358 aureorum
369 2300 436 2356 luce
459 2302 617 2358 verborum
639 2301 704 2373 lita,

120 2384 164 2445 Sit
184 2391 307 2459 compta
325 2385 428 2443 nativa
446 2385 561 2456 indole,
585 2394 614 2442 et
635 2405 698 2443 non
723 2384 878 2459 squalidae

118 2469 316 2545 Antiquitatis
338 2470 478 2528 obsoleta
502 2470 652 2528 sordibus.

120 2554 168 2615 Sic
192 2562 301 2613 cuncta
321 2555 428 2628 variet,
452 2562 573 2612 constet·
586 2562 618 2611 ut
640 2552 748 2614 similis
769 2553 837 2611 sibi.

119 2639 232 2700 Similis
255 2639 314 2698 sibi
335 2639 378 2698 sic
401 2648 528 2711 constet,
550 2647 584 2697 ut
600 2639 682 2696 varie
704 2638 799 2696 invet'

120 2725 215 2800 Quem
238 2724 335 2800 pascit
355 2725 473 2783 avidum
497 2725 626 2783 masculi
646 2742 753 2782 succus
774 2724 847 2796 stili,

119 2809 252 2888 Semper
266 2817 386 2867 recente
406 2810 543 2887 postulat
560 2810 644 2867 refici
668 2809 755 2885 dape.

119 2896 156 2953 Et
176 2894 329 2954 audiendo
353 2894 401 2953 vel
424 2895 550 2971 legendo
571 2894 688 2966 frivola,

120 2979 255 3039 Conviva
277 2989 421 3055 tanquam
443 2979 584 3057 languido
606 2979 763 3038 stomacho
785 2978 932 3050 oscitans,

119 3063 152 3124 Si
175 3066 217 3123 nil
240 3067 388 3123 iacentem
411 3065 596 3122 recreaverit
616 3065 738 3134 famem,

119 3149 225 3209 Risum
247 3151 279 3208 in
303 3150 495 3225 quibusdam,
519 3169 659 3211 somnum
678 3151 708 3206 in
733 3147 802 3205 aliis
822 3145 875 3203 vix
897 3150 988 3202 tenet.

136 3319 201 3378 Hoc
219 3338 333 3378 carmen
352 3321 521 3393 inscriptam
540 3329 581 3376 est
600 3318 676 3375 Albo
697 3316 862 3374 Amicorum
876 3316 1011 3374 Danielis

334 3404 456 3473 Heiaaii,
480 3422 543 3460 cam
565 3404 617 3460 hoc
640 3402 819 3459 tetrasticho:

121 3485 203 3545 Haec
221 3488 330 3546 melius
347 3489 448 3545 iuerat
469 3487 602 3545 tenebris
623 3487 764 3544 damnata
785 3485 878 3558 sileri,

160 3573 199 3631 Et
220 3574 319 3633 maius
341 3573 470 3649 pretium
495 3571 688 3631 dissimulare
706 3571 799 3630 foret:
