2586 4214
510 353 661 448 Q

125 517 233 579 Miseri
254 518 389 594 lupinam
410 521 507 597 patris
528 523 661 600 explevit
681 524 803 600 famem,

125 602 303 662 Extremam
325 606 439 665 aruntis
459 614 569 665 terram
595 608 709 668 Edonis
732 610 891 689 hospitem.

125 689 185 746 Ast
205 689 283 747 ultor
307 708 378 747 acer
397 690 503 768 Phryx
527 694 612 752 necis
633 694 769 753 sororiae

125 771 245 832 Rursus
264 775 410 832 nutricem
433 777 634 836 continentem
656 779 755 838 diruet

125 856 228 915 Parici
250 859 350 935 opaci,
373 860 440 918 iura
460 862 678 922 sincerissnma

125 941 295 1003 Reddentis
319 951 384 1003 arte
403 954 580 1006 contumace
599 949 752 1025 pluribus:

125 1026 290 1088 Lalisionis
314 1030 430 1088 aurium
455 1032 507 1107 qui
528 1034 713 1109 appendices

125 1112 251 1173 Placeas
271 1115 422 1189 recidens,
442 1124 577 1193 tempora
600 1118 721 1177 ornabit
741 1136 807 1190 sua,

126 1197 242 1257 Muscis
266 1199 405 1258 timorem
425 1203 636 1279 sanguisorbis
658 1203 817 1262 adferens:

127 1279 185 1341 Oui
207 1291 315 1341 cuncta
336 1284 589 1363 Phlegrae‘terra
612 1296 701 1365 capta
721 1289 843 1360 serviet,

127 1366 420 1445 Thrambuaiumque
441 1370 570 1445 culmen,
593 1381 682 1448 atque
706 1373 820 1432 caeruli

125 1451 232 1528 Rupes
253 1453 387 1526 Titonis,
411 1464 500 1530 atque
524 1456 685 1517 Sithonum
706 1459 826 1536 plagae.

124 1535 358 1613 Palleniumque
377 1540 525 1617 iugerum,
549 1544 629 1617 quod
653 1544 793 1620 corniger

124 1620 227 1680 Rumo
251 1624 381 1701 saginat,
401 1625 467 1683 lixa
483 1627 583 1704 gentis
607 1628 735 1685 accolae.

124 1706 238 1765 Multas
261 1709 396 1768 vicissim
419 1712 584 1770 concitabit
603 1712 756 1771 lacrumas

126 1790 272 1866 Quirinus
296 1802 347 1852 aut
368 1793 531 1868 Gradivus,
554 1805 605 1854 aut
626 1816 716 1872 quem
739 1797 853 1854 dixeris

124 1875 350 1954 Ligurrientem
368 1886 439 1955 pota
461 1881 554 1938 caede
575 1882 701 1957 praelia.

126 1959 190 2020 Sed
210 1983 274 2021 non
297 1964 433 2038 quiescet
452 1966 498 2024 sic
519 1985 630 2042 parens
652 1966 835 2039 Promethei,

126 2044 189 2106 Sed
209 2068 264 2124 pro
285 2049 436 2109 universis
458 2051 561 2127 stirpis
586 2072 678 2110 unum
696 2051 803 2111 Persei

124 2132 225 2190 Mittet
247 2134 410 2210 gigantem,
434 2137 482 2194 cni
500 2137 551 2194 via
571 2157 654 2195 mare
677 2138 833 2215 hospitum

124 2214 192 2274 Erit
212 2218 356 2293 pedestri,
379 2228 410 2278 et
433 2230 514 2280 terra
536 2223 728 2299 navigabitur

125 2300 238 2360 Tonsis
261 2305 378 2362 secanti
394 2325 474 2364 rura.
497 2315 569 2365 tunc
588 2308 744 2366 Feretriae

123 2383 244 2445 Domus
267 2386 411 2460 Quirinae
432 2398 498 2449 tota
516 2393 649 2469 flagrans
670 2392 791 2469 ignibus

126 2468 203 2530 Cum
225 2474 411 2532 moeniorum
433 2474 534 2552 ligneo
555 2477 733 2550 proccstrio,

124 2555 263 2615 Faunum
287 2559 408 2617 vocabit
427 2561 526 2634 pestis
548 2569 692 2631 autorem,
715 2579 859 2637 augurem

124 2642 364 2717 Mendacium,
385 2644 555 2720 Februiqne
576 2645 750 2702 antistitem.

126 2724 304 2802 Grndaeque
327 2730 410 2807 genti
432 2737 540 2788 cuncta
561 2730 719 2788 mandetur
743 2729 832 2788 simul

126 2810 280 2888 Deglubta
303 2813 415 2890 duplici
436 2816 584 2874 delibrato
608 2816 716 2873 cortice

125 2897 287 2955 Mansuete
308 2901 410 2957 nutrix
431 2901 592 2972 fructuum,
615 2908 706 2975 atque
728 2900 820 2958 arbos
844 2898 923 2957 fera:

126 2980 331 3041 Exhaurietur
349 2987 449 3045 omnis
472 2988 553 3044 unda
574 2985 728 3044 fluminum

127 3064 201 3126 Sitis
226 3067 344 3127 calores
367 3070 482 3128 affatim
505 3069 759 3149 extinguentinm:

125 3149 234 3210 Nubes
256 3154 376 3231 sagittis
397 3156 514 3214 eminus
539 3155 735 3216 stridentibus

127 3234 228 3313 Super
246 3246 337 3315 caput
357 3241 537 3314 crebrescet,
562 3255 653 3316 utque
675 3238 845 3299 Cimmerae

128 3320 273 3381 Obnubet
294 3325 418 3382 umbrae
440 3324 559 3399 squalor
580 3326 746 3384 obscurans
767 3323 863 3381 iubar.

127 3404 233 3479 Qualis
255 3407 417 3469 Locrensis
440 3429 499 3468 non
521 3409 571 3467 diu
591 3412 680 3469 vivax
693 3424 784 3481 rosa,

126 3491 167 3549 Et
185 3501 292 3551 cuncta
313 3501 436 3553 vastans
456 3494 539 3553 velut
559 3496 662 3570 aprica
681 3493 836 3565 stramina,

126 3575 246 3667 'Rursus
269 3577 382 3637 feretur
402 3580 433 3638 in
457 3580 552 3657 pedes
570 3580 752 3657 reciprocus,
797 3663 837 3722 2⁴
