2560 4216
507 387 658 480 gua

413 547 510 613 Αὐτοὶ
535 551 588 634 τὴν
611 552 743 636 ἁπαλὴν.
943 560 1038 639 cm)

125 639 191 717 Ipsi
212 638 353 697 viderunt
370 638 464 697 irenii
487 657 595 717 corpus
616 642 759 715 Amores,

166 725 207 784 Et
226 722 359 801 Cypriae
378 724 530 783 thalamos
552 717 715 785 destitdera
733 727 829 787 Deae.

125 809 326 870 Emendatum
347 827 421 885 opus
445 808 483 866 ad
503 809 584 869 talos
605 830 624 867 a
644 811 767 884 vertice,
791 812 882 889 sigui,

166 895 207 953 Et
230 894 395 971 castigatae
416 894 541 970 virginis
560 895 658 955 instar
680 897 807 955 habens.

126 980 208 1040 Hinc
230 980 262 1037 in
282 978 437 1050 mortales,
460 997 554 1038 nervo
576 980 733 1055 stridente,
755 982 869 1059 sagitta

167 1062 242 1124 Non
263 1082 325 1121 una
344 1083 382 1123 ex
402 1063 457 1122 illc
480 1072 616 1140 tempore
637 1067 733 1126 missa
754 1066 819 1124 fuit.

392 1227 553 1312 vacvptlm
574 1231 687 1298 κάλλος
712 1230 776 1312 μὲν.
905 1234 1038 1312 “ζ(23)
1137 1215 1139 1219 ¹

127 1316 314 1379 Concubitus
337 1317 441 1377 Venus
463 1316 636 1392 illecebras,
657 1322 752 1377 Amor
770 1318 839 1395 ipse
858 1318 999 1379 decorem

170 1402 370 1480 Zenophilae,
396 1401 552 1462 Charitum
574 1404 622 1462 sal
642 1402 750 1463 Charis
774 1403 844 1480 ipsa
862 1403 953 1463 dedit.

365 1566 426 1631 Ναὶ
448 1569 491 1651 μὰ
513 1569 563 1630 τὸν
587 1566 794 1650 εὐπλόκαμον.
942 1572 1039 1651 ((24)

125 1656 187 1715 Per
208 1656 315 1715 Timus
336 1664 442 1729 tortas,
463 1657 515 1731 qui
535 1674 582 1713 me
603 1674 722 1731 cepere,
744 1656 892 1733 capillos:

167 1741 229 1800 Per
251 1741 379 1815 Demus,
404 1760 526 1800 somnos
549 1759 627 1816 quae
649 1739 722 1797 mihi
742 1742 877 1803 membra
897 1740 1015 1817 fugant:

126 1826 240 1885 Iliados
263 1846 317 1903 per
336 1845 392 1904 ego
415 1826 588 1898 illecebras,
611 1825 793 1902 vigilemque
811 1825 965 1885 lucernam

168 1911 269 1983 Hanc,
287 1930 356 1969 mea
375 1930 453 1988 quae
475 1909 587 1968 madidi
611 1910 744 1969 earmina
764 1910 859 1969 multa
879 1909 968 1973 bibit:

125 1996 227 2056 Parva
248 1997 322 2054 mihi
341 1998 373 2054 in
391 1997 485 2055 labris
507 2003 581 2054 nota
599 1995 745 2069 vulneris,
760 2015 841 2068 ecce,
861 1995 968 2054 relicta
981 2003 1038 2056 est.

171 2081 306 2158 Quodsi
329 2083 386 2154 vis,
409 2081 500 2140 modo
524 2082 582 2154 die,
607 2100 738 2158 expuam
761 2089 790 2139 et
807 2081 893 2153 illud,
913 2083 1016 2140 Amor.

372 2244 425 2332 Τῷ
445 2247 557 2332 θαλλῷ
578 2247 697 2330 Διδύμη
728 2270 775 2330 με.
942 2252 1038 2330 ζ(26)

126 2341 177 2398 Me
199 2337 302 2415 rapuit
321 2336 417 2394 forma
434 2335 577 2412 Didyme.
600 2337 650 2394 Ah
672 2355 729 2412 ego
751 2337 839 2394 tabeo
863 2354 990 2396 cernens

169 2423 247 2483 Tale
272 2422 374 2495 decus,
397 2421 495 2496 qualis
515 2439 585 2478 cera
606 2422 661 2479 sub
683 2421 754 2497 igne
775 2421 863 2478 cadit

126 2513 168 2570 At
189 2509 275 2585 nigra
289 2515 344 2565 eet.
364 2506 436 2582 quid
446 2505 530 2563 tum?
548 2506 639 2562 carbo
652 2504 828 2579 quoque.·Si
840 2514 941 2563 tamen
953 2503 1039 2562 illum

169 2594 245 2672 Igne
264 2592 364 2663 foves,
387 2591 491 2668 fulget,
515 2590 569 2647 lux
590 2597 624 2645 ut
644 2589 746 2646 hiulca
766 2607 864 2648 rosae.

455 2751 587 2836 aliocup'
605 2750 715 2836 Ἔρως.
942 2752 1038 2839 ζ(27)

129 2848 174 2906 Te
195 2865 250 2923 per
272 2864 328 2922 ego
352 2852 476 2903 nostrae
493 2843 622 2919 supplex
639 2862 715 2921 rogo
737 2841 871 2901 carmina
887 2844 1005 2916 Musae,

170 2931 351 3001 Heliodora,
374 2948 443 2986 meo
464 2936 586 3005 pectore
606 2929 693 2986 cedat
712 2930 814 2987 Amor.

128 3016 248 3093 Perque
267 3024 334 3074 tuos
359 3032 459 3085 arcus,
483 3014 534 3089 qui
556 3015 616 3072 iam
637 3014 752 3090 petiere
773 3031 830 3070 nec
850 3009 955 3084 ullum,

171 3103 303 3161 Tantum
324 3101 356 3157 in
378 3117 425 3156 me
446 3098 562 3158 dociles
585 3100 702 3156 mittere
722 3097 783 3155 tela
806 3115 871 3156 sua.

130 3184 163 3247 Si
185 3207 290 3264 pereo,
316 3180 422 3243 vocem
445 3185 589 3243 testantia
610 3184 743 3242 carmina
763 3183 912 3258 linquamz

170 3272 305 3349 Aspicis,
328 3277 362 3328 ut
383 3268 472 3327 morti
496 3287 543 3326 me
567 3269 659 3342 dedit,
678 3270 804 3344 hospes,
824 3273 925 3324 Amor.

534 3355 637 3412 Aliter.

130 3440 163 3502 Si
185 3441 316 3518 supplex
339 3449 368 3507 te
390 3440 479 3498 Musa
498 3447 600 3498 movet
620 3458 699 3511 mea,
719 3456 791 3495 cura
809 3436 954 3505 facessat,

171 3526 272 3601 Quam
294 3524 416 3603 vigilem
435 3524 467 3581 in
490 3523 580 3583 nobis
603 3523 775 3587 Heliodora
797 3521 880 3595 serit,

128 3612 208 3670 Acer
229 3629 321 3673 amor.
345 3609 405 3668 Per
427 3617 468 3683 te,
491 3627 546 3687 per
568 3627 624 3687 ego
645 3617 697 3669 tua
716 3608 850 3669 maxima
871 3605 942 3678 tela,
