2586 4214
567 355 629 413 323
717 308 719 317 Ι

140 521 218 580 Teu.
263 522 449 581 Illiberalem
469 522 632 581 nonenim
656 529 751 581 artem
773 522 915 584 exerceo.

65 600 69 609 ’
142 609 223 667 Meu.
268 606 303 668 Si
327 616 444 683 scutum
467 608 608 681 haberes,
629 607 780 685 gloriatos
802 609 929 669 scilicet.

141 691 219 750 Teu.
265 690 463 770 congrediar,
486 694 576 751 etiam
599 692 694 764 veles,
717 700 833 752 armato
858 694 921 753 tibi.

138 779 223 843 Meu.
268 778 369 854 Quum
390 778 491 854 pascit
511 797 597 837 acres
621 778 727 855 lingue
747 778 873 855 spiritus
896 788 957 837 tus.

142 861 219 920 Teu.
263 863 389 921 Fiducia
410 863 499 937 aequi
517 863 626 921 tollere
646 863 763 921 animos
785 863 833 922 fes
857 865 940 922 mihi.
1059 868 1125 921 1125

142 948 223 1006 Meu.
267 948 329 1007 Fas
349 967 459 1024 nempe
480 948 613 1006 stillum
636 967 684 1005 me
703 956 861 1024 perempto
882 949 1004 1007 vivere?

143 1032 220 1090 Teu.
265 1031 343 1090 Huii
365 1033 547 1110 perempto?
567 1033 646 1091 -vivis
666 1052 739 1110 ergo
759 1041 903 1093 mortuus.

142 1118 223 1176 Men.
266 1119 316 1175 Me
337 1118 527 1194 sospitarunt
545 1118 684 1177 numine:
704 1118 773 1175 huic
794 1136 867 1178 vero
887 1118 993 1179 occidi.

141 1201 219 1260 Teu.
263 1201 332 1261 Diis
355 1204 524 1279 sospitatus
550 1223 621 1280 ergo
646 1222 685 1261 ne
706 1210 825 1262 temnas
844 1204 942 1264 Deos.

142 1288 224 1346 Men.
267 1287 362 1364 Egon'
382 1306 539 1364 supremas
561 1296 726 1346 temnerem
748 1288 833 1366 leges
856 1289 979 1348 Deum?
1057 1294 1127 1348 1130

144 1371 221 1431 Tou.
265 1373 323 1442 Itm
344 1374 370 1431 si
387 1381 505 1432 vetares
525 1382 663 1451 mortuos
685 1374 869 1437 tumulerier.
977 1420 979 1425 .

142 1458 225 1515 Meu.
269 1458 357 1516 Meos
382 1465 452 1516 veto
476 1459 578 1518 hostes
599 1459 682 1535 ipse:
711 1460 876 1517 nonenim
899 1461 1035 1520 addecet.

142 1541 219 1600 Teu.
264 1542 404 1616 Unquam
424 1544 479 1601 tibi
497 1544 579 1602 Aiax
600 1552 721 1619 pectore
742 1544 875 1603 advorso
897 1546 1035 1605 obstitit?

142 1628 223 1701 Men.
266 1627 337 1686 Fuit
357 1628 456 1686 hostis
478 1629 568 1700 hosti,
592 1628 673 1702 quod
697 1628 753 1684 tibi
774 1636 804 1685 et
822 1648 949 1704 gnarum
968 1632 1034 1690 fuis.

142 1712 220 1770 Teu.
263 1711 344 1770 Nam
366 1733 454 1786 quem
477 1712 582 1771 doloso
605 1712 752 1788 clepseris
775 1713 932 1791 suffragio.
1059 1720 1125 1776 1¹³5

142 1798 223 1856 Men.
268 1797 355 1856 Haec
371 1798 553 1855 ¹arbitrorum
573 1796 637 1854 late
657 1796 757 1873 culpo,
779 1817 843 1856 non
865 1818 942 1857 mee.

143 1882 219 1940 Teu.
263 1882 411 1958 Perplura
432 1882 539 1940 fraude
557 1882 678 1940 frausus
702 1900 735 1941 es
756 1883 864 1943 volens
887 1885 977 1943 melo.
1028 1892 1030 1897 “

142 1969 224 2026 Meu.
268 1967 406 2027 Alicuius
431 1968 563 2026 animum
584 1967 693 2045 pungit
710 1968 786 2025 hacc
807 1970 911 2028 oratio.

142 2053 219 2110 Teuc
263 2051 337 2110 Non
347 2058 424 2126 tam,
436 2061 470 2111 ut
482 2053 609 2126 videtur,
624 2071 714 2129 quam
724 2060 755 2110 te
768 2074 826 2132 ego
836 2075 969 2134 pungam
978 2063 1056 2114 meu.

142 2140 224 2202 Men.
268 2136 368 2197 Unum
387 2138 518 2213 eloquar.
533 2138 726 2196 tumulandus
737 2138 786 2196 hic
796 2141 883 2199 nullo
895 2142 981 2200 modo
997 2147 1125 2202 esttliss

85 2264 87 2271 t
143 2223 220 2281 Teu.
264 2222 344 2282 Audi
364 2224 500 2281 vicissim
521 2232 597 2282 ettu
612 2224 709 2282 istud:
731 2225 811 2281 huuc
830 2226 1056 2285 tumulabimus.

144 2310 226 2366 Men.
269 2308 340 2365 Vidi
365 2309 596 2383 tolutiloqueute
612 2309 716 2385 lingua
737 2310 917 2383 praeditum,

133 2392 204 2466 ,Qui
224 2394 367 2470 navigare
387 2401 509 2452 suusset
530 2394 640 2457 insano
662 2393 754 2462 meri3

143 2477 274 2555 Stupere
297 2478 436 2549 eundem,
456 2478 576 2552 quando
596 2484 763 2553 tempestas
787 2496 854 2535 eum

144 2563 306 2636 Turberet,
328 2582 363 2621 ac
382 2582 451 2622 sese
472 2562 641 2620 involutum
664 2561 767 2637 palliis

143 2647 249 2708 Cuivis
272 2648 430 2707 terendum
451 2647 533 2705 calce
554 2647 666 2705 vectori
689 2646 770 2704 dare.

144 2731 207 2793 Sed
226 2741 267 2805 te,
287 2734 493 2810 impetumque
513 2731 676 2790 inciourem
695 2730 818 2809 linguae
841 2739 923 2805 tuoe,

143 2819 267 2877 Enube
287 2838 381 2894 parve
404 2837 514 2896 magna
536 2824 703 2894 tempestas
728 2835 819 2874 ruens

143 2903 335 2981 Restinguet'
359 2912 389 2961 et
412 2903 541 2962 clamore
563 2909 735 2977 compescet
752 2901 845 2978 gravi.

144 2988 221 3046 Teu.
261 2989 326 3066 Ego
348 2997 448 3046 autem
473 2989 593 3047 inanem
614 2996 644 3045 et
665 3005 825 3063 perperum
846 2986 908 3045 vidi
926 2986 1034 3059 virum,
1058 2978 1125 3032 ¹15⁰

146 3073 258 3132 Aliena
279 3081 402 3150 propter
419 3073 652 3132 insolescentem
675 3071 765 3129 male.

145 3158 245 3234 Quem
269 3176 336 3216 cum
357 3157 473 3216 videret
491 3159 627 3216 moribus
651 3156 770 3231 quidam
796 3155 869 3213 mihi

143 3244 313 3319 Formaque
336 3242 455 3315 similis,
474 3243 586 3301 talibus
608 3260 755 3318 praesens
767 3248 892 3298 mouet:

144 3329 262 3401 Amice,
286 3348 324 3385 nc
349 3328 392 3387 sis
415 3327 542 3386 mortuis
562 3326 701 3385 iniurius.

144 3413 243 3471 Aliter
265 3421 367 3470 menet
386 3420 428 3486 te,
452 3430 501 3470 me
523 3411 603 3483 vide,
623 3411 831 3470 infortunium.

144 3497 219 3557 Istis
242 3499 387 3556 monebat
407 3497 519 3556 nullius
535 3497 580 3554 rei
596 3496 702 3555 virum.

144 3580 226 3655 Quin
247 3591 336 3642 tueor
358 3582 454 3641 illum.
479 3602 538 3641 nou
558 3582 587 3641 is
609 3581 699 3654 clius,
721 3589 755 3639 ut
774 3599 854 3653 reor,

788 3676 854 3736 21·
