2532 4216
495 375 507 397 ·
578 365 730 460 -u-

241 530 421 605 Plurimum,
449 541 480 591 et
500 534 663 592 immanem
682 533 847 611 perniciem
868 541 1024 610 oppetere,

201 613 294 678 Solus
317 617 398 693 apud
418 617 546 695 Libyas,
569 619 616 677 vel
636 627 734 677 tostos
756 617 873 676 solibus
897 618 990 677 Indos

243 701 408 779 Qccurram
430 703 521 762 fulvis
545 704 635 762 obvia
655 703 770 779 praeda
790 703 874 762 feris.

199 784 286 844 Haec
306 787 421 846 ecfatus
443 788 506 860 ubi,
528 787 616 846 laeva
639 788 676 845 de
695 797 781 864 parte
802 787 942 847 secundis

241 870 374 931 Alitibus
395 872 535 930 dextrum
558 873 686 932 sternuit
708 891 799 931 omen
820 876 921 930 Amor.

198 958 257 1016 Ast
275 959 370 1014 Acme
393 965 484 1034 capnt
506 957 676 1030 inflectens,
697 957 843 1034 puerique
864 956 1021 1016 lacessens

240 1041 333 1100 Ebria
353 1042 515 1118 purpureis
536 1043 651 1107 lumina
670 1042 829 1113 suaviolis,

199 1122 261 1199 Sic,
283 1125 390 1201 inquit,
413 1145 482 1183 mea
503 1126 575 1199 vita,
597 1145 682 1186 meus
704 1127 798 1202 lepor,
817 1126 887 1183 huic
905 1124 1023 1182 domino
1046 1125 1119 1199 uni,

241 1210 323 1268 Huic
346 1210 448 1269 devoti
468 1213 550 1269 omni
568 1220 705 1289 tempore
722 1212 828 1283 simus,
850 1209 905 1268 ait:

197 1294 240 1356 Ut
260 1294 335 1352 mihi
356 1313 436 1352 nunc
458 1297 552 1353 maior
575 1297 694 1356 molleis
717 1303 764 1355 est
784 1297 906 1353 flamma
926 1291 1091 1365 medullas,

239 1380 349 1438 Acrior
372 1387 402 1437 et
420 1381 509 1438 misto
531 1381 633 1457 gliscit
654 1399 755 1438 amore
776 1381 870 1439 furor.

197 1463 265 1523 Hoc
286 1471 447 1541 postquam
469 1465 567 1523 ecfata
589 1473 646 1538 est,
669 1466 757 1524 laeva
777 1466 815 1522 de
836 1472 924 1541 parte
945 1462 1090 1522 secundis

239 1549 372 1607 Alitibus
392 1550 531 1607 dextrum
554 1552 683 1609 sternuit
702 1569 790 1608 omen
810 1552 913 1608 Amor.

81 1634 88 1642 ”
197 1632 289 1692 Nunc
310 1634 390 1693 bono
413 1636 451 1693 ab
474 1636 631 1711 auspicio,
654 1635 764 1694 faustis
787 1635 953 1708 avibusque
971 1633 1116 1710 profecti,

240 1719 391 1778 Mentibus
415 1720 567 1781 unanimis
589 1728 693 1779 mutua
713 1729 861 1791 amantur,
883 1726 995 1776 amant.

197 1803 298 1864 Unam
321 1802 486 1881 Septimius
505 1824 585 1863 nuno
605 1806 719 1865 mavult
741 1805 862 1864 saucius
883 1806 1009 1875 Acmen,

241 1889 340 1964 Quam
363 1887 480 1965 Syrias,
504 1900 556 1947 aut
573 1909 653 1964 quae
674 1909 768 1968 regna
789 1889 955 1947 Britannus
975 1888 1076 1947 habet.

197 1972 266 2033 Uno
287 1973 319 2029 in
338 1971 484 2049 Septimio
506 1975 575 2032 totis
593 1993 672 2032 nunc
693 1975 835 2033 sensibus
858 1977 952 2030 Acme

237 2057 364 2115 Perdita
387 2058 551 2134 conspirat,
574 2058 760 2134 deliciasque
785 2058 866 2115 facit.

198 2143 275 2218 Quis
295 2161 353 2219 par
374 2142 531 2203 candidius
555 2150 724 2201 tenerorum
746 2142 820 2201 vidit
843 2142 1018 2200 amantum?

222 2230 301 2287 ‚Aut
320 2226 378 2285 fuit
396 2227 532 2304 auspicio
551 2246 628 2303 quae
649 2228 776 2286 meliore
799 2227 929 2286 Venus?

224 2400 254 2455 8.
290 2396 409 2456 -Oatotlt
431 2396 539 2456 Passer
556 2407 684 2455 mortuus
706 2396 753 2472 [3]
774 2398 903 2454 similiter
925 2414 1085 2454 coarmata.

196 2481 331 2558 Lugcte,
355 2502 374 2540 o
395 2489 539 2557 quantum
564 2489 611 2540 est
631 2481 784 2540 Venenum
807 2489 896 2557 atque
915 2479 1114 2556 Cupidinum,

872 2574 1024 2623 amantum

238 2654 338 2723 Atque
364 2657 560 2707 venustorum
582 2650 725 2728 quicquid
747 2651 857 2725 ubique
876 2650 1028 2708 hominum
1050 2657 1112 2725 est,

196 2732 323 2810 Lugete.
363 2732 421 2792 Ille
441 2752 528 2792 meae
548 2734 694 2810 lususque
716 2743 747 2793 et
769 2753 841 2792 cura
862 2735 993 2812 puellae,

237 2817 287 2876 Ah
308 2817 401 2890 dolor,
424 2819 477 2875 ille
502 2838 588 2877 meae
609 2821 750 2878 delicium
771 2819 924 2878 Dominae

196 2901 312 2961 Passer
333 2911 471 2962 mortuus
494 2912 555 2976 est3
580 2924 669 2981 quem
693 2906 772 2965 serio
792 2913 946 2963 amaverat
970 2904 1025 2962 illa

238 2986 313 3047 Plus
334 3007 424 3063 quam
446 3007 495 3061 se,
517 2990 588 3066 plus
611 3009 701 3066 quam
723 2990 816 3047 vitam
841 2989 1006 3065 oculosque
1026 3006 1111 3047 snos.

195 3070 335 3147 Namque
360 3081 425 3131 erat
445 3082 475 3131 et
491 3075 635 3146 mellitus,
657 3083 687 3132 et
698 3075 798 3150 ipsam
814 3074 963 3150 cognitam
977 3074 1114 3132 habebat

238 3157 316 3215 'l'am
338 3158 426 3231 bene,
444 3178 535 3235 quam
556 3169 683 3216 matrem
703 3166 806 3217 nostra
823 3157 927 3234 puella
948 3178 1045 3231 suam,

194 3245 235 3302 Et
257 3244 489 3317 circumsiliens,
511 3245 611 3301 utine
636 3262 655 3300 a
673 3245 787 3320 gremio
806 3242 888 3301 illius
914 3263 1047 3319 unquam

239 3326 376 3397 cederet,
398 3329 437 3386 ad
458 3329 557 3388 solam
578 3327 752 3404 pipilitabat
771 3327 884 3385 heram.

158 3428 162 3435 ’
194 3415 237 3472 At
256 3433 337 3472 nuno
357 3414 382 3470 it
402 3433 458 3490 per
478 3414 536 3470 iter
557 3413 674 3489 nigrum
698 3413 800 3483 miser,
826 3412 866 3468 ah
889 3412 992 3485 miser,
1012 3413 1076 3471 illia

236 3499 325 3559 Unde
344 3517 475 3572 unquam
492 3497 633 3555 reducem
655 3516 742 3555 nemo
763 3495 871 3573 pedem
893 3498 1001 3556 tetulit.
1085 3525 1091 3533 ·

194 3583 243 3641 Ah
263 3583 352 3643 vobis
375 3582 455 3639 mule
476 3583 526 3654 sit,
554 3582 633 3640 male
655 3601 732 3658 quae
756 3581 858 3640 omnia
879 3581 961 3641 bella
981 3584 1109 3656 voratis,
