2586 4214
661 314 740 397 ‘soc

258 504 426 564 Commune
448 504 549 581 magni
572 513 666 561 matre
688 523 755 563 oum
777 503 975 580 Sarpedonis,

181 591 248 647 1a85
258 587 342 662 Quas
363 596 475 664 pontus
499 587 619 661 Helles,
642 608 716 664 quas
738 598 838 665 patrae
864 587 1100 667 Symplegades,

258 674 342 750 Quas
366 671 585 750 Salmydissus,
613 692 689 748 quas
711 675 884 751 inhospitas
903 674 1001 750 liquor

257 754 379 836 Scythis
402 759 591 836 propinquus
613 759 731 836 rupium
756 768 837 818 arcet
859 760 957 831 obice,

258 844 433 919 Tanaisque
454 843 539 902 nullo
561 844 711 921 gurgitum
733 844 870 921 contagio

258 929 390 987 Mediam
409 929 549 1005 paludem
571 928 742 1001 dissecans,
765 940 879 1006 gratam
898 929 1010 988 incolis

107 1064 110 1071 Δ
184 1020 251 1075 1090
259 1013 369 1092 Algum
393 1023 424 1072 et
442 1014 585 1090 pedanum
609 1014 772 1087 perniones
794 1013 947 1086 flentibus,

173 1114 176 1121 ’
258 1100 300 1160 Ut
320 1099 417 1176 primo
439 1106 566 1175 pereant
586 1097 689 1157 Caruii
712 1106 822 1157 nautae
842 1117 945 1172 canes,

259 1182 318 1258 Qui
342 1184 442 1242 fronte
465 1185 541 1243 roba
562 1184 769 1241 tauriformam
791 1184 937 1261 virginem

257 1269 397 1345 Rapuere
419 1269 535 1327 Lernes
556 1268 713 1327 institores
732 1269 872 1343 improbi,

260 1353 411 1429 Sponsam
433 1353 537 1413 ruinas
559 1353 639 1410 ferre
661 1354 819 1430 Mamphiti
841 1353 919 1427 duci,

184 1447 251 1501 1295
261 1438 333 1499 Odii
355 1445 511 1497 moventes
534 1438 620 1514 signa
642 1438 760 1514 utrique
782 1438 883 1497 littori.

259 1521 400 1598 Namque
423 1530 454 1581 et
473 1523 599 1600 rapinae
621 1523 833 1582 contumeliam
855 1543 976 1601 gravem

259 1608 409 1668 Florentia
434 1608 508 1666 Idas
532 1609 762 1684 expostulantes
785 1608 904 1667 incolae

260 1692 398 1767 Curetes,
424 1693 560 1751 extulere
582 1693 729 1771 captivam
750 1694 855 1752 bovem

260 1779 393 1838 Paronis
414 1779 496 1837 intra
517 1778 705 1837 taurifrontis
726 1778 845 1836 alveum

185 1870 253 1928 1000
261 1864 311 1924 Ad
332 1871 439 1923 sancta
459 1864 574 1941 templa
593 1864 751 1941 coniugem
771 1860 941 1940 Saraptiam

261 1948 390 2009 Dictaea
411 1946 517 2008 Cretes
540 1947 680 2009 Stellioni
699 1948 839 2025 principi.

263 2034 331 2093 Nec
354 2034 412 2092 visi
433 2034 545 2092 habere
567 2041 625 2105 sat,
644 2033 776 2092 ferentes
797 2052 853 2109 par
872 2033 948 2108 pari,

261 2119 397 2177 Ductore
421 2117 539 2177 Teucro
563 2108 776 2193 sed'rapacam
797 2119 961 2177 exercitum

261 2203 372 2261 Teucri
391 2200 576 2262 Scamandro
601 2221 668 2260 cum
690 2200 816 2279 parente
836 2203 970 2262 Drauoio

185 2295 251 2351 1305
260 2288 374 2347 Misere
395 2288 434 2345 ad
457 2287 538 2346 alma
559 2288 728 2364 Bebrycum
750 2288 884 2361 novalia,

259 2374 380 2432 Bellum
402 2373 536 2432 ferentes
559 2374 711 2432 muribus:
736 2392 861 2450 quorum
882 2382 950 2432 satu

262 2458 391 2519 Generis
412 2459 533 2532 creasti,
554 2458 708 2532 Dardane,
732 2467 850 2517 autores
871 2459 942 2531 mei,

260 2544 385 2603 Ducens
410 2544 544 2621 puellam
568 2542 723 2615 Cressam,
746 2544 888 2604 Arisbam
912 2543 1057 2603 nobilem.

261 2627 402 2690 Secundo
425 2629 497 2687 item
519 2629 629 2687 misere
650 2629 769 2687 furaces
790 2627 892 2702 lupos,

186 2719 253 2774 1310
261 2713 304 2774 Ut
322 2713 473 2790 uniplotio
495 2714 592 2772 vellus
616 2721 754 2772 avertant
775 2712 853 2785 duci,

262 2797 409 2859 Servabat
429 2798 491 2856 acri
510 2799 592 2873 quod
614 2799 705 2858 draco
728 2797 883 2859 custodia:

261 2883 320 2958 Qui
341 2903 409 2943 cum
428 2883 555 2961 Cyteam
575 2885 692 2942 venerit
711 2882 909 2960 Libysticam,

260 2971 300 3028 Et
321 2969 531 3044 quadrinarem
553 2970 678 3045 sopiens
697 2969 760 3028 offa
778 2970 877 3040 boam,

260 3054 453 3113 Vomantium
473 3054 560 3132 ignes
582 3055 728 3129 presserit
746 3054 878 3111 dentalia

186 3141 345 3203 1315Urva
364 3139 516 3211 italorum,
537 3138 635 3198 elixus
653 3139 762 3196 immiti
781 3158 866 3217 rogo,

261 3223 335 3284 Non
356 3222 481 3284 abstulit
499 3224 628 3282 libenter
648 3224 744 3300 artigi
762 3232 871 3296 cutem,

261 3309 324 3371 Sed
347 3318 378 3368 et
393 3309 547 3367 bidentem
568 3316 675 3385 sponte
696 3315 861 3367 sectantem
880 3308 1034 3380 auferens,

262 3394 517 3466 Germanicidam,
537 3393 708 3470 postitatem
733 3393 874 3467 liberam,

260 3480 354 3539 Picae
374 3480 414 3537 ad
435 3478 573 3554 loquacis
596 3478 713 3536 alveum
737 3478 878 3557 aurigans
899 3477 977 3548 tulit,

185 3575 254 3631 13a0
262 3564 436 3624 Humanum
456 3564 494 3622 ab
518 3563 588 3622 altis
610 3561 796 3623 Chaonitieis
820 3576 933 3623 sonum'
