2560 4216
628 337 779 431 gog

245 503 330 571 Nem
348 504 439 581 periit
459 504 533 564 mihi
555 504 722 583 virginitas.
750 503 836 564 Haec
854 503 936 564 false
957 503 1060 564 locuta
1081 513 1137 580 est,

291 588 415 653 Delium
433 589 513 666 opud
533 609 640 653 menes
662 609 772 667 nempe
794 590 899 650 videre
920 589 1040 650 volens.

248 756 320 833 720
515 751 581 820 Οὐκ
604 752 668 818 οἶδ’
692 754 720 818 εἰ
742 749 902 817 Διόνυσον.

247 842 328 920 Ergo
336 850 436 901 utrum
449 861 599 916 accusem,
611 843 814 915 Baccharum,
826 842 969 919 incertus,
981 862 1022 903 un
1033 846 1162 905 imbrem

290 925 417 988 Nescio.
437 927 596 1006 lapsantes
617 927 699 986 follit
716 934 842 1003 uterque
863 929 972 1004 pedes..

247 1012 338 1087 Ecce,
359 1013 440 1072 redis
460 1022 553 1091 potus
577 1014 647 1072 dum
668 1031 748 1085 ποτε,
770 1011 943 1088 Polyxene,
963 1013 1056 1075 funus

292 1095 444 1171 Condere,
465 1099 575 1158 laboso
598 1097 795 1174 praecipitate
816 1098 894 1174 iugo.

246 1183 378 1243 Aeolide
400 1192 430 1241 et
448 1180 579 1263 Smyrna
599 1183 677 1243 situs
699 1200 732 1240 es
755 1181 868 1259 procul.
889 1180 1002 1241 Ebrius
1023 1202 1095 1261 ergo

291 1266 439 1344 Quisquis
461 1269 533 1341 erit²
550 1267 686 1345 pluvium
705 1274 796 1326 nocte
814 1274 935 1326 veretur
954 1266 1023 1328 iter.

247 1433 317 1509 «520
542 1430 604 1515 Τὴν
628 1431 730 1513 τίτθην
751 1426 867 1513 Ἱέρων.

247 1519 307 1579 Hic
329 1517 443 1583 Hieron
465 1521 588 1579 amitam
610 1518 757 1593 silenico,
779 1522 890 1595 pocula
909 1522 985 1580 dure
1056 1573 1058 1577 ,

288 1603 420 1663 Vincere
442 1624 531 1680 quam
553 1606 627 1666 duro
648 1625 708 1662 non
728 1613 854 1681 potuere
874 1624 967 1678 mero,

246 1690 330 1750 Rure
352 1709 406 1749 suo
431 1691 553 1768 sepeliit
575 1691 723 1751 functum:
752 1698 786 1749 ut
805 1691 853 1749 vel
875 1698 1006 1763 mortua,
1026 1688 1140 1748 Bacchi

287 1774 379 1835 Nunc
399 1777 528 1854 propius
551 1785 657 1854 gretes
680 1782 740 1834 stet
758 1776 906 1836 tumulate
925 1776 1021 1836 lacus.

245 1942 316 2019 722
506 1937 642 2022 Ἠπείρῳ
666 1941 699 2022 μ’
722 1942 894 2004 ἀποδοῦσα.
948 1937 951 1942 ’

244 2027 414 2104 Exceptum
435 2035 525 2098 terra,
550 2029 636 2086 suevi
656 2030 748 2091 meris
768 2029 906 2105 improbe
928 2030 1051 2103 fluctus,

289 2113 389 2170 luctas
410 2129 461 2169 me
480 2110 583 2169 ludum
604 2113 845 2190 quisquiliasque
863 2123 943 2175 tuus.

245 2196 486 2274 Naufragiumne
506 2196 560 2253 uni
581 2197 656 2255 mihi
675 2216 764 2258 cesso
782 2200 851 2258 luce
868 2199 1001 2260 minetur
1077 2224 1081 2231 ¹

288 2281 395 2353 Terre,
417 2299 473 2338 nec
497 2300 516 2338 a
538 2281 656 2356 scopuli
677 2303 760 2343 mors
780 2303 848 2344 mea
867 2292 932 2341 tute
952 2291 1036 2342 metu
1058 2285 1128 2344 est?

244 2365 325 2440 Quin
348 2365 447 2443 potius
468 2367 645 2431 mecondis
671 2370 771 2445 aquis,
794 2369 841 2427 vel
860 2369 963 2428 reddis
985 2389 1111 2445 urenae,

285 2450 354 2510 Nec
375 2450 569 2509 defraudatur
587 2452 695 2513 funere
715 2462 797 2513 terro
816 2454 892 2513 suo?

243 2620 312 2696 q23
526 2617 568 2680 Al
590 2618 623 2681 αἲ
643 2623 735 2682 notice
757 2620 876 2702 βαρεῖα.

242 2705 293 2765 Ah
313 2705 353 2761 oh
371 2705 437 2763 diro
456 2705 535 2779 lues,
558 2726 629 2765 nam
653 2726 731 2783 quoe
755 2706 937 2767 iuvenilibus
959 2707 1051 2767 suuis

284 2790 415 2862 Invidia,
437 2791 547 2851 aetatis
569 2799 695 2867 perpete
716 2794 793 2852 flore
814 2791 890 2850 fruil

241 2872 323 2933 Nem
343 2875 427 2950 prius
446 2875 561 2937 orbosti
581 2876 776 2947 Timarchum
795 2876 911 2934 lumine
930 2875 1023 2948 vitae,

286 2958 385 3036 Quem
407 2968 520 3037 nuptae
540 2962 642 3037 potuit
659 2981 713 3020 ora
730 2962 833 3020 videre
856 2979 940 3019 suae·

241 3129 310 3209 q32
518 3124 541 3189 Γ
544 3131 599 3189 αἶα
620 3127 674 3208 μὲν
699 3127 729 3189 ἐν
751 3124 887 3192 κόλποις,

242 3215 339 3273 Terra
356 3215 427 3273 sinu
446 3215 551 3292 magni
572 3213 782 3290 complectitur
802 3231 877 3273 ossa
895 3211 1052 3285 Pletonis‚

281 3300 342 3359 Ast
362 3299 464 3359 anima
485 3298 642 3359 ordinibus
663 3308 771 3359 sancto
789 3305 914 3374 recepte
932 3296 1037 3357 Deum
1059 3306 1121 3358 est.

239 3381 336 3443 Cuius
354 3385 460 3445 Aristo
484 3390 580 3460 poter,
599 3383 709 3442 fruitur
727 3385 779 3461 qui
799 3382 867 3457 luce
885 3383 1040 3441 Deorum:

282 3466 380 3542 Quem
399 3469 498 3527 bonus
520 3467 674 3527 admirans
698 3471 744 3529 vel
768 3465 871 3545 procul
894 3467 993 3529 omnis
1014 3475 1111 3529 amet.
