2604 4210
639 376 791 473 —sou-

259 552 374 611 Fsuste
393 551 472 610 bona
493 549 659 627 inspirans,
680 558 711 608 et
732 566 876 609 amoenae
895 548 979 607 dona
999 548 1140 608 salatia*

261 721 302 781 et
452 718 553 778 Somni
572 717 719 795 saffiram
737 737 800 778 cum
817 736 976 795 papauere.

261 802 1174 882 Somnepater‚Divumomnigenumunicnsatquebominntn

258 891 300 950 Et
319 906 512 967 quaecunque
532 890 618 948 foret
638 889 729 948 tellus
750 888 913 947 animantia
934 889 1035 949 secla:
1092 890 1173 966 [rexq

262 975 413 1037 Omnibus
432 992 512 1034 unus
534 973 614 1032 eninr
634 992 743 1053 regnas
764 981 853 1049 atque
873 974 1012 1035 omnibus
1033 975 1148 1048 adstes,

263 1061 462 1139 corporaque
482 1060 644 1119 insidiator
664 1060 774 1118 inermi
794 1059 941 1139 compede
960 1060 1074 1120 vincis:

262 1146 408 1206 Cunarum
431 1146 570 1218 domitor,
591 1146 711 1221 requies
732 1144 918 1221 praeblanda
939 1145 1086 1219 laborum,

260 1222 418 1290 Maerores
441 1248 546 1289 omnes
567 1244 658 1308 aegro
681 1230 718 1287 de
735 1238 858 1305 pectore
879 1237 1011 1307 tergens.

262 1317 323 1393 Qui
344 1316 451 1374 mortis
473 1333 558 1373 curas
579 1315 675 1393 abigis
695 1315 872 1389 animusque
890 1333 1044 1374 reservas:

259 1401 340 1460 Nem
363 1419 434 1458 vere
455 1399 561 1458 mortis
582 1416 743 1477 germanus
767 1418 800 1458 es
823 1408 912 1474 atque
932 1401 1057 1458 veterni.

262 1485 323 1548 Sed
344 1486 401 1545 sub
426 1492 456 1542 te
478 1484 567 1561 plcco
587 1484 651 1542 miti
672 1485 835 1543 adventare
856 1484 972 1557 favore,

262 1570 439 1633 Servautem
461 1569 574 1647 placidi
595 1589 649 1629 nos
671 1588 789 1629 sacrum
811 1571 901 1627 ritum
925 1570 1082 1629 obeuntes.

260 1741 302 1802 85
506 1740 618 1799 Sonuit
635 1741 773 1816 suffimen,
787 1748 928 1807 aromata.

262 1827 401 1887 Obsecro
424 1833 465 1899 te,
486 1827 640 1903 princeps,
663 1825 792 1884 celerem
811 1823 986 1901 pernicibus
1008 1824 1076 1898 elis,

260 1910 400 1970 Nunnius
419 1910 536 1983 incerti,
558 1930 651 1969 vorax
668 1909 847 1983 Carmentus
866 1910 1039 1982 homonum,

262 1996 343 2055 Nem
368 2014 479 2072 repens
497 1995 606 2055 uoltus
626 2012 681 2072 per
702 1996 800 2054 amica
818 1994 941 2054 silencio
965 1995 1077 2068 somni,

261 2082 487 2156 Insinuansqne
506 2081 615 2140 animis
636 2080 790 2139 hominum
815 2080 857 2138 cis
879 2079 986 2137 intima
1007 2081 1129 2153 mentis,

261 2166 302 2224 Et
322 2166 398 2224 scita
415 2165 453 2222 ad
476 2182 602 2223 somnos
619 2164 704 2242 legas
727 2166 849 2224 decreta
866 2164 999 2239 deorum,

262 2249 445 2328 significans
467 2249 575 2309 tacitus
597 2250 699 2308 tacitis
721 2245 871 2308 animabn'
894 2249 1005 2321 future,

262 2334 339 2395 (lum
362 2335 430 2411 quis
450 2334 508 2392 rite
530 2334 599 2393 colit
620 2336 709 2393 divos
728 2336 760 2393 in
781 2342 906 2413 pectore
927 2352 1014 2411 puro.

262 2419 391 2498 Semper
411 2427 444 2478 ut
466 2420 635 2498 anticipans
664 2434 751 2496 spem
776 2420 918 2480 blandam
938 2427 1039 2477 mente
1062 2419 1175 2494 sagaci,

260 2506 361 2564 Vitam
384 2506 539 2564 hominnm
563 2505 715 2564 illecebris
728 2507 891 2582 proiectos,
905 2504 1015 2582 gaudia
1024 2504 1174 2577 hiantum,

261 2591 362 2666 thue
384 2591 523 2650 homines
544 2592 676 2649 animum
697 2592 889 2666 requiescant
910 2584 1040 2647 tristibu’
1065 2589 1157 2661 curis,

263 2672 489 2752 suppliciisque
509 2676 584 2735 deos
607 2694 646 2734 ex
668 2694 753 2734 sacro
771 2694 896 2733 munere
916 2674 1046 2751 placent.

261 2758 402 2835 Namque
422 2760 482 2837 piis
506 2778 628 2836 semper
649 2768 710 2819 stat
728 2761 845 2820 dulcior
866 2760 946 2818 exite
965 2760 1046 2830 finis,

263 2843 395 2904 Tantum
414 2845 522 2904 celavit
545 2846 699 2904 uenientia
719 2846 781 2904 fata
803 2847 940 2905 nefastos

263 2928 447 3009 Somnigena
470 2932 600 3007 species,
621 2932 792 2990 certissima
812 2930 919 2989 nuntia
937 2929 1048 2987 damni.

261 3012 311 3074 Ne
333 3034 392 3090 qna
413 3016 492 3075 foret
513 3034 612 3075 noxae
634 3016 785 3075 venientis
809 3017 931 3094 cognita
949 3015 1030 3073 linis.

262 3098 363 3159 Clinia
382 3101 436 3160 sed
456 3109 486 3159 te
506 3109 611 3160 sancte
633 3119 749 3178 precor,
771 3106 984 3178 praemonstra
1005 3097 1142 3157 Deorum

261 3183 420 3259 Notlbo'es‚
443 3205 622 3263 semperque
642 3186 799 3246 offendens
820 3194 942 3263 pectora
960 3202 1045 3261 punc,

262 3268 426 3349 Nunquam
448 3272 599 3350 prodigiis
621 3270 775 3331 auclarans
796 3272 898 3329 omina
915 3270 1028 3346 iniqua.

262 3441 303 3500 86
513 3443 620 3500 Mortis
640 3442 780 3517 suffimen,
804 3459 920 3499 manua.

263 3525 333 3585 Huc
351 3526 457 3597 alsia·
470 3542 547 3600 quae
568 3522 725 3585 hominnm
746 3525 860 3585 moliris
881 3530 989 3582 cuncta
1009 3523 1158 3600 guberne,

263 3610 587 3685 Tantumproduoens
611 3611 678 3668 aevi
699 3618 842 3685 qnantum
864 3609 982 3668 eminus
1005 3608 1110 3667 (listas.
