2604 4210
529 360 680 456 jea-

145 531 242 592 Adsis
259 530 331 605 Dia,
351 532 502 591 hominum
523 532 668 610 frangens
687 530 815 589 audacia
834 530 926 604 faeta,

146 616 191 677 Ut
210 634 331 693 semper
352 617 463 676 iustam
484 636 581 692 aequa
601 617 702 674 ferant
723 615 853 692 vestigia
874 617 977 687 vitam,

149 701 294 763 Omnium
315 701 367 778 qui
387 711 484 760 terrae
504 709 666 761 vescuntur
687 719 810 759 munere
833 699 948 777 opimo,

146 791 248 862 Atque
259 786 446 845 animantum
458 787 562 860 elium,
586 805 723 864 quaeque
740 785 846 843 educat
858 785 1061 860 omniparenti

147 872 239 933 Alma
260 872 328 930 sinu
349 872 452 945 tellus,
473 880 503 930 et
523 891 600 947 quae
618 871 710 931 maris
734 888 902 945 aequoreus
926 869 995 929 Dis.

487 1039 576 1117 Lepta
595 1059 718 1099 carmen.
1019 1041 1059 1100 63

148 1118 349 1203 Ooefigenum
361 1132 451 1199 atque
463 1125 616 1183 homiuum
630 1125 750 1202 genium
764 1132 794 1182 te
805 1124 888 1182 Diva
898 1142 975 1183 voeo
983 1124 1060 1197 Lex,

147 1210 331 1283 Caelestem,
354 1210 528 1281 estrifieem,
548 1230 649 1269 rerum
671 1229 831 1269 commune
855 1208 1003 1287 sigillum3

147 1296 268 1367 Terrai,
292 1295 436 1370 aequorei
457 1290 536 1368 sali',
558 1303 743 1372 naturaeque
766 1303 926 1355 statumen.

148 1379 284 1440 Coneors
306 1387 337 1437 et
358 1387 500 1438 constans
524 1399 652 1439 servans
676 1382 753 1439 bene
772 1381 891 1458 legibus
912 1388 1027 1457 aptum,

148 1464 225 1539 Quis
247 1473 279 1523 tu
301 1465 328 1524 is
350 1484 533 1541 componens
554 1466 633 1525 eoeli
652 1465 836 1525 immortalia
856 1466 932 1537 iura,

147 1552 188 1610 Et
211 1545 303 1625 quati'
325 1549 491 1608 sublestem
513 1550 657 1608 invidiam
680 1548 830 1628 vertigini
851 1550 927 1608 ritu:

148 1635 210 1711 Qui
233 1637 312 1694 bona
333 1635 387 1692 dus
406 1635 486 1693 vitae
505 1631 676 1693 mortalibu'
698 1636 801 1692 munia
821 1634 914 1692 obire.

148 1718 226 1781 Sola
242 1720 353 1778 etenim
375 1719 531 1777 moderare
547 1720 733 1777 animantum
756 1727 864 1777 cuneta
884 1720 1030 1797 guberna,

148 1803 296 1865 Consiliis
317 1823 443 1862 cernens
465 1805 735 1864 observantissima
756 1804 861 1862 rectis:

148 1888 259 1963 Casca,
279 1896 416 1966 experta,
438 1907 537 1947 eomes
560 1889 649 1949 iustis
670 1889 794 1947 innoxia
815 1908 946 1966 semper,

146 1974 343 2051 Iniustosqne
361 1974 548 2033 labefaciens
570 1970 736 2053 ingentibu'
759 1975 856 2033 noxis.

149 2058 211 2121 Sed
234 2060 408 2118 veneranda
420 2059 602 2134 opulentifer
617 2060 749 2118 omnium
766 2078 893 2118 amoena
905 2059 1056 2134 voluptas,

147 2146 210 2204 Fae
228 2146 272 2203 tui
293 2164 347 2203 nos
366 2163 525 2218 memores,
550 2145 691 2222 aspirans
717 2165 829 2203 nomen
848 2145 987 2203 amicum.

414 2315 559 2373 Mavortia
579 2316 720 2390 suffimen,
740 2324 795 2373 tua.
1019 2312 1060 2372 64

147 2397 739 2476 Magnanime,impavide,invieteatque
753 2400 919 2475 asperrime
928 2400 1059 2469 Mavors,

148 2483 311 2556 Indomite,
335 2483 531 2559 armipotens,
548 2484 710 2560 parricida,
731 2484 933 2561 impetimure‚

148 2570 324 2645 Marspiter,
344 2589 362 2627 o
385 2569 601 2644 ereperierepe,
623 2570 695 2627 tabo
719 2577 749 2626 et
767 2569 914 2646 sanguine
928 2568 1059 2640 stillans,

150 2652 315 2732 Sanguinis
340 2655 463 2711 humani
485 2653 591 2713 sitiens
607 2653 783 2731 bellierepo,
803 2661 899 2727 torve,

149 2740 296 2811 Ensibus,
318 2746 407 2814 atque
428 2739 592 2797 inamoena
611 2739 715 2798 colens
737 2740 903 2798 certamina
925 2737 1025 2797 runis:

151 2822 234 2885 Siste
255 2823 398 2896 duellum,
423 2832 452 2883 et
474 2824 625 2884 cordolios
649 2825 806 2899 requiesce
823 2823 979 2895 tumultus,

150 2909 246 2986 Inque
268 2909 443 2969 Venustatis
463 2910 561 2982 divae,
584 2916 615 2968 et
637 2909 742 2969 Brumi
765 2909 826 2968 otia
847 2909 908 2981 dia,

150 2995 192 3053 Et
212 3012 322 3052 munus
343 2991 469 3052 Cereale
491 2994 585 3053 duelli
606 2995 708 3053 confer
729 3013 876 3065 amorem;

151 3076 279 3155 Semper
295 3097 402 3155 pacem
422 3086 541 3155 optans,
566 3081 676 3138 vietum
700 3088 730 3138 et
751 3100 784 3138 re
805 3099 879 3157 eope
898 3080 1057 3156 vigentem.

356 3247 475 3308 Volcani
493 3250 632 3324 suffimen,
652 3252 866 3308 libonomonna.
1018 3248 1058 3307 65

150 3331 284 3391 Voloaue
306 3333 511 3409 omnipotens,
532 3333 709 3407 fortissime,
737 3336 917 3410 flammaque
934 3352 1058 3410 perpes,

151 3415 261 3495 Ignitis
285 3420 397 3478 florens
418 3418 510 3490 auris,
532 3415 668 3476 Lucetiu'
691 3419 770 3493 dios,

149 3501 310 3578 Lucerias,
330 3504 457 3576 Viriate,
479 3501 565 3561 Nero
587 3510 721 3575 aeterne,
748 3505 974 3581 artipotensque

148 3585 332 3664 Ferrifaber,
352 3607 519 3666 purumque
539 3587 729 3662 elementum,
749 3590 851 3665 portio
871 3591 986 3665 mundi,
