<?xml version="1.0" encoding="UTF-8"?>
<!DOCTYPE html PUBLIC "-//W3C//DTD XHTML 1.0 Transitional//EN"
    "http://www.w3.org/TR/xhtml1/DTD/xhtml1-transitional.dtd">
<html xmlns="http://www.w3.org/1999/xhtml" xml:lang="en" lang="en">
 <head>
  <title>
</title>
<meta http-equiv="Content-Type" content="text/html;charset=utf-8" />
  <meta name='ocr-system' content='tesseract 3.04.00' />
  <meta name='ocr-capabilities' content='ocr_page ocr_carea ocr_par ocr_line ocrx_word'/>
</head>
<body>
  <div class='ocr_page' id='page_1' title='image "./iosephiscaliger01scalgoog_0069.png"; bbox 0 0 2532 4216; ppageno 0'>
   <div class='ocr_carea' id='block_1_1' title="bbox 627 305 778 398">
    <p class='ocr_par' dir='ltr' id='par_1_1' title="bbox 627 305 778 398">
     <span class='ocr_line' id='line_1_1' title="bbox 627 305 778 398; baseline 0 -35"><span class='ocrx_word' id='word_1_1' title='bbox 627 305 778 398; x_wconf 39' lang='lat'>*464*-</span> 
     </span>
    </p>
   </div>
   <div class='ocr_carea' id='block_1_2' title="bbox 246 470 1255 1975">
    <p class='ocr_par' dir='ltr' id='par_1_2' title="bbox 246 470 1255 1975">
     <span class='ocr_line' id='line_1_2' title="bbox 246 470 1155 550; baseline 0.006 -20"><span class='ocrx_word' id='word_1_2' title='bbox 246 470 319 530; x_wconf 87' lang='lat' dir='ltr'>Non</span> <span class='ocrx_word' id='word_1_3' title='bbox 341 472 456 530; x_wconf 89' lang='lat' dir='ltr'>lucrum</span> <span class='ocrx_word' id='word_1_4' title='bbox 478 472 579 544; x_wconf 87' lang='lat' dir='ltr'>velox,</span> <span class='ocrx_word' id='word_1_5' title='bbox 598 492 792 549; x_wconf 87' lang='lat' dir='ltr'>quascunque</span> <span class='ocrx_word' id='word_1_6' title='bbox 817 473 1027 550; x_wconf 72' lang='lat' dir='ltr'>relinquimus,</span> <span class='ocrx_word' id='word_1_7' title='bbox 1052 475 1155 549; x_wconf 81' lang='lat' dir='ltr'>unxit,</span> 
     </span>
     <span class='ocr_line' id='line_1_3' title="bbox 289 556 945 635; baseline 0.006 -21"><span class='ocrx_word' id='word_1_8' title='bbox 289 556 361 619; x_wconf 85' lang='lat' dir='ltr'>Vita</span> <span class='ocrx_word' id='word_1_9' title='bbox 381 558 435 617; x_wconf 88' lang='lat' dir='ltr'>sed</span> <span class='ocrx_word' id='word_1_10' title='bbox 456 557 593 616; x_wconf 86' lang='lat' dir='ltr'>excultas</span> <span class='ocrx_word' id='word_1_11' title='bbox 615 560 716 619; x_wconf 86' lang='lat' dir='ltr'>sobria</span> <span class='ocrx_word' id='word_1_12' title='bbox 737 558 835 635; x_wconf 88' lang='lat' dir='ltr'>parsit</span> <span class='ocrx_word' id='word_1_13' title='bbox 857 578 945 634; x_wconf 89' lang='lat' dir='ltr'>opes,</span> 
     </span>
     <span class='ocr_line' id='line_1_4' title="bbox 249 641 1085 721; baseline 0.004 -22"><span class='ocrx_word' id='word_1_14' title='bbox 249 641 333 717; x_wconf 80' lang='lat' dir='ltr'>Quas</span> <span class='ocrx_word' id='word_1_15' title='bbox 356 652 454 718; x_wconf 85' lang='lat' dir='ltr'>puter,</span> <span class='ocrx_word' id='word_1_16' title='bbox 476 651 505 700; x_wconf 89' lang='lat' dir='ltr'>et</span> <span class='ocrx_word' id='word_1_17' title='bbox 527 644 648 720; x_wconf 86' lang='lat' dir='ltr'>generis</span> <span class='ocrx_word' id='word_1_18' title='bbox 672 644 767 703; x_wconf 89' lang='lat' dir='ltr'>series</span> <span class='ocrx_word' id='word_1_19' title='bbox 790 643 970 720; x_wconf 78' lang='lat' dir='ltr'>longissima</span> <span class='ocrx_word' id='word_1_20' title='bbox 989 644 1085 721; x_wconf 79' lang='lat' dir='ltr'><strong>prisci</strong></span> 
     </span>
     <span class='ocr_line' id='line_1_5' title="bbox 290 727 1027 806; baseline 0.004 -23"><span class='ocrx_word' id='word_1_21' title='bbox 290 727 404 803; x_wconf 89' lang='lat' dir='ltr'>Liquit,</span> <span class='ocrx_word' id='word_1_22' title='bbox 426 736 455 784; x_wconf 92' lang='lat' dir='ltr'>et</span> <span class='ocrx_word' id='word_1_23' title='bbox 478 747 497 785; x_wconf 89' lang='lat' dir='ltr'>a</span> <span class='ocrx_word' id='word_1_24' title='bbox 517 748 630 804; x_wconf 90' lang='lat' dir='ltr'>proavo</span> <span class='ocrx_word' id='word_1_25' title='bbox 653 729 749 788; x_wconf 84' lang='lat' dir='ltr'>missa</span> <span class='ocrx_word' id='word_1_26' title='bbox 767 736 890 806; x_wconf 85' lang='lat' dir='ltr'>potente</span> <span class='ocrx_word' id='word_1_27' title='bbox 911 729 1027 788; x_wconf 87' lang='lat' dir='ltr'>domus.</span> 
     </span>
     <span class='ocr_line' id='line_1_6' title="bbox 249 812 936 883; baseline 0 -11"><span class='ocrx_word' id='word_1_28' title='bbox 249 812 322 872; x_wconf 90' lang='lat' dir='ltr'>Otia</span> <span class='ocrx_word' id='word_1_29' title='bbox 340 813 497 870; x_wconf 85' lang='lat' dir='ltr'><strong>Musarum</strong></span> <span class='ocrx_word' id='word_1_30' title='bbox 520 832 608 872; x_wconf 87' lang='lat' dir='ltr'>curas</span> <span class='ocrx_word' id='word_1_31' title='bbox 629 815 761 883; x_wconf 85' lang='lat' dir='ltr'>mulsere</span> <span class='ocrx_word' id='word_1_32' title='bbox 783 814 936 872; x_wconf 79' lang='lat' dir='ltr'>forenses:</span> 
     </span>
     <span class='ocr_line' id='line_1_7' title="bbox 288 897 891 974; baseline 0.005 -20"><span class='ocrx_word' id='word_1_33' title='bbox 288 897 463 974; x_wconf 85' lang='lat' dir='ltr'>Perfugium</span> <span class='ocrx_word' id='word_1_34' title='bbox 487 897 595 957; x_wconf 86' lang='lat' dir='ltr'>studiis</span> <span class='ocrx_word' id='word_1_35' title='bbox 617 898 672 955; x_wconf 88' lang='lat' dir='ltr'>illa</span> <span class='ocrx_word' id='word_1_36' title='bbox 694 899 779 957; x_wconf 87' lang='lat' dir='ltr'>fuere</span> <span class='ocrx_word' id='word_1_37' title='bbox 804 898 891 957; x_wconf 82' lang='lat' dir='ltr'>meis.</span> 
     </span>
     <span class='ocr_line' id='line_1_8' title="bbox 246 983 904 1059; baseline -0.002 -16"><span class='ocrx_word' id='word_1_38' title='bbox 246 983 328 1043; x_wconf 86' lang='lat' dir='ltr'>Pura</span> <span class='ocrx_word' id='word_1_39' title='bbox 348 983 485 1040; x_wconf 88' lang='lat' dir='ltr'>valetudo</span> <span class='ocrx_word' id='word_1_40' title='bbox 508 983 599 1042; x_wconf 88' lang='lat' dir='ltr'>nullis</span> <span class='ocrx_word' id='word_1_41' title='bbox 621 983 744 1059; x_wconf 82' lang='lat' dir='ltr'>pulsata</span> <span class='ocrx_word' id='word_1_42' title='bbox 762 983 904 1059; x_wconf 88' lang='lat' dir='ltr'>procellis</span> 
     </span>
     <span class='ocr_line' id='line_1_9' title="bbox 291 1066 991 1144; baseline -0.003 -16"><span class='ocrx_word' id='word_1_43' title='bbox 291 1066 418 1144; x_wconf 85' lang='lat' dir='ltr'>Semper</span> <span class='ocrx_word' id='word_1_44' title='bbox 438 1067 589 1126; x_wconf 87' lang='lat' dir='ltr'>inoffenso</span> <span class='ocrx_word' id='word_1_45' title='bbox 610 1068 713 1127; x_wconf 82' lang='lat' dir='ltr'>functa</span> <span class='ocrx_word' id='word_1_46' title='bbox 732 1076 837 1126; x_wconf 87' lang='lat' dir='ltr'>tenore</span> <span class='ocrx_word' id='word_1_47' title='bbox 860 1087 914 1127; x_wconf 92' lang='lat' dir='ltr'>suo</span> <span class='ocrx_word' id='word_1_48' title='bbox 936 1076 991 1129; x_wconf 86' lang='lat' dir='ltr'>est.</span> 
     </span>
     <span class='ocr_line' id='line_1_10' title="bbox 248 1150 1067 1230; baseline 0.001 -19"><span class='ocrx_word' id='word_1_49' title='bbox 248 1150 404 1211; x_wconf 84' lang='lat' dir='ltr'>Curricula</span> <span class='ocrx_word' id='word_1_50' title='bbox 425 1160 578 1210; x_wconf 77' lang='lat' dir='ltr'>extremae</span> <span class='ocrx_word' id='word_1_51' title='bbox 599 1172 793 1228; x_wconf 87' lang='lat' dir='ltr'>permensum</span> <span class='ocrx_word' id='word_1_52' title='bbox 815 1153 905 1230; x_wconf 85' lang='lat' dir='ltr'>longa</span> <span class='ocrx_word' id='word_1_53' title='bbox 926 1162 1067 1212; x_wconf 81' lang='lat' dir='ltr'>senectae</span> 
     </span>
     <span class='ocr_line' id='line_1_11' title="bbox 292 1238 865 1313; baseline 0 -16"><span class='ocrx_word' id='word_1_54' title='bbox 292 1238 430 1313; x_wconf 81' lang='lat' dir='ltr'>Occupat</span> <span class='ocrx_word' id='word_1_55' title='bbox 450 1245 553 1313; x_wconf 86' lang='lat' dir='ltr'>optato</span> <span class='ocrx_word' id='word_1_56' title='bbox 575 1239 636 1295; x_wconf 86' lang='lat' dir='ltr'>fine</span> <span class='ocrx_word' id='word_1_57' title='bbox 658 1239 748 1296; x_wconf 88' lang='lat' dir='ltr'>beata</span> <span class='ocrx_word' id='word_1_58' title='bbox 769 1238 865 1311; x_wconf 87' lang='lat' dir='ltr'>quies.</span> 
     </span>
     <span class='ocr_line' id='line_1_12' title="bbox 248 1322 1162 1400; baseline 0.002 -20"><span class='ocrx_word' id='word_1_59' title='bbox 248 1323 332 1380; x_wconf 91' lang='lat' dir='ltr'>Mors</span> <span class='ocrx_word' id='word_1_60' title='bbox 353 1340 469 1397; x_wconf 89' lang='lat' dir='ltr'>quoque</span> <span class='ocrx_word' id='word_1_61' title='bbox 483 1322 612 1380; x_wconf 81' lang='lat' dir='ltr'>laudate</span> <span class='ocrx_word' id='word_1_62' title='bbox 634 1331 690 1381; x_wconf 83' lang='lat' dir='ltr'>est</span> <span class='ocrx_word' id='word_1_63' title='bbox 712 1323 825 1400; x_wconf 83' lang='lat' dir='ltr'>gemitu</span> <span class='ocrx_word' id='word_1_64' title='bbox 848 1322 1042 1400; x_wconf 78' lang='lat' dir='ltr'>lacrimisque</span> <span class='ocrx_word' id='word_1_65' title='bbox 1055 1323 1162 1385; x_wconf 84' lang='lat' dir='ltr'>Senati</span> 
     </span>
     <span class='ocr_line' id='line_1_13' title="bbox 290 1406 939 1483; baseline 0.002 -19"><span class='ocrx_word' id='word_1_66' title='bbox 290 1406 421 1477; x_wconf 84' lang='lat' dir='ltr'>Efferor,</span> <span class='ocrx_word' id='word_1_67' title='bbox 446 1414 476 1463; x_wconf 91' lang='lat' dir='ltr'>et</span> <span class='ocrx_word' id='word_1_68' title='bbox 495 1408 603 1483; x_wconf 90' lang='lat' dir='ltr'>populi</span> <span class='ocrx_word' id='word_1_69' title='bbox 624 1416 701 1466; x_wconf 90' lang='lat' dir='ltr'>teste</span> <span class='ocrx_word' id='word_1_70' title='bbox 724 1407 825 1465; x_wconf 87' lang='lat' dir='ltr'>dolore</span> <span class='ocrx_word' id='word_1_71' title='bbox 845 1408 939 1466; x_wconf 85' lang='lat' dir='ltr'>fruor.</span> 
     </span>
     <span class='ocr_line' id='line_1_14' title="bbox 248 1491 1255 1567; baseline 0.003 -17"><span class='ocrx_word' id='word_1_72' title='bbox 248 1492 336 1550; x_wconf 91' lang='lat' dir='ltr'>Haec</span> <span class='ocrx_word' id='word_1_73' title='bbox 359 1491 454 1549; x_wconf 87' lang='lat' dir='ltr'>series</span> <span class='ocrx_word' id='word_1_74' title='bbox 478 1492 568 1549; x_wconf 79' lang='lat' dir='ltr'>vitae.</span> <span class='ocrx_word' id='word_1_75' title='bbox 592 1493 731 1551; x_wconf 86' lang='lat' dir='ltr'>munibus</span> <span class='ocrx_word' id='word_1_76' title='bbox 755 1491 878 1550; x_wconf 79' lang='lat' dir='ltr'>dalilis</span> <span class='ocrx_word' id='word_1_77' title='bbox 899 1493 997 1567; x_wconf 85' lang='lat' dir='ltr'>plenis</span> <span class='ocrx_word' id='word_1_78' title='bbox 1254 1526 1255 1545; x_wconf 66' lang='lat'><em>÷</em></span> 
     </span>
     <span class='ocr_line' id='line_1_15' title="bbox 290 1575 1255 1657; baseline 0.005 -23"><span class='ocrx_word' id='word_1_79' title='bbox 290 1575 426 1652; x_wconf 85' lang='lat' dir='ltr'>Hospes,</span> <span class='ocrx_word' id='word_1_80' title='bbox 448 1584 478 1632; x_wconf 90' lang='lat' dir='ltr'>et</span> <span class='ocrx_word' id='word_1_81' title='bbox 502 1579 638 1653; x_wconf 84' lang='lat' dir='ltr'>exequiis</span> <span class='ocrx_word' id='word_1_82' title='bbox 660 1577 762 1636; x_wconf 86' lang='lat' dir='ltr'>fausto</span> <span class='ocrx_word' id='word_1_83' title='bbox 784 1595 908 1652; x_wconf 80' lang='lat' dir='ltr'>precare</span> <span class='ocrx_word' id='word_1_84' title='bbox 930 1580 1018 1637; x_wconf 87' lang='lat' dir='ltr'>meis.</span> <span class='ocrx_word' id='word_1_85' title='bbox 1254 1578 1255 1657; x_wconf 76' lang='lat' dir='ltr'>l</span> 
     </span>
     <span class='ocr_line' id='line_1_16' title="bbox 249 1660 1255 1739; baseline 0.001 -18"><span class='ocrx_word' id='word_1_86' title='bbox 249 1665 290 1721; x_wconf 85' lang='lat' dir='ltr'>At</span> <span class='ocrx_word' id='word_1_87' title='bbox 311 1662 366 1719; x_wconf 91' lang='lat' dir='ltr'>tibi</span> <span class='ocrx_word' id='word_1_88' title='bbox 388 1662 544 1739; x_wconf 81' lang='lat' dir='ltr'>contingat</span> <span class='ocrx_word' id='word_1_89' title='bbox 566 1672 701 1733; x_wconf 87' lang='lat' dir='ltr'>votorum</span> <span class='ocrx_word' id='word_1_90' title='bbox 725 1680 843 1722; x_wconf 85' lang='lat' dir='ltr'>summa</span> <span class='ocrx_word' id='word_1_91' title='bbox 864 1670 991 1721; x_wconf 79' lang='lat' dir='ltr'>tuorum.</span> <span class='ocrx_word' id='word_1_92' title='bbox 1254 1660 1255 1735; x_wconf 81' lang='lat' dir='ltr'>l</span> 
     </span>
     <span class='ocr_line' id='line_1_17' title="bbox 292 1744 895 1825; baseline 0 -19"><span class='ocrx_word' id='word_1_93' title='bbox 292 1744 326 1806; x_wconf 87' lang='lat' dir='ltr'>Si</span> <span class='ocrx_word' id='word_1_94' title='bbox 350 1747 394 1805; x_wconf 92' lang='lat' dir='ltr'>sic</span> <span class='ocrx_word' id='word_1_95' title='bbox 416 1745 529 1821; x_wconf 85' lang='lat' dir='ltr'>vixisti,</span> <span class='ocrx_word' id='word_1_96' title='bbox 551 1746 595 1808; x_wconf 91' lang='lat' dir='ltr'>sic</span> <span class='ocrx_word' id='word_1_97' title='bbox 611 1756 702 1825; x_wconf 90' lang='lat' dir='ltr'>potes</span> <span class='ocrx_word' id='word_1_98' title='bbox 723 1749 791 1824; x_wconf 88' lang='lat' dir='ltr'>ipse</span> <span class='ocrx_word' id='word_1_99' title='bbox 811 1748 895 1806; x_wconf 90' lang='lat' dir='ltr'>mori.</span> 
     </span>
     <span class='ocr_line' id='line_1_18' title="bbox 339 1840 1160 1907; baseline 0.005 -16"><span class='ocrx_word' id='word_1_100' title='bbox 339 1840 411 1891; x_wconf 81' lang='lat' dir='ltr'>Obiit</span> <span class='ocrx_word' id='word_1_101' title='bbox 430 1840 576 1907; x_wconf 73' lang='lat' dir='ltr'>christoph.</span> <span class='ocrx_word' id='word_1_102' title='bbox 599 1845 726 1893; x_wconf 80' lang='lat' dir='ltr'>Thuenus</span> <span class='ocrx_word' id='word_1_103' title='bbox 749 1844 808 1893; x_wconf 87' lang='lat' dir='ltr'>Kal.</span> <span class='ocrx_word' id='word_1_104' title='bbox 831 1843 962 1894; x_wconf 82' lang='lat' dir='ltr'>IXbribus</span> <span class='ocrx_word' id='word_1_105' title='bbox 983 1844 1063 1893; x_wconf 85' lang='lat' dir='ltr'>Anno</span> <span class='ocrx_word' id='word_1_106' title='bbox 1086 1842 1160 1906; x_wconf 65' lang='grc'>1589,</span> 
     </span>
     <span class='ocr_line' id='line_1_19' title="bbox 249 1908 845 1975; baseline -0.002 -15"><span class='ocrx_word' id='word_1_107' title='bbox 249 1926 307 1960; x_wconf 91' lang='lat' dir='ltr'>cum</span> <span class='ocrx_word' id='word_1_108' title='bbox 326 1925 407 1960; x_wconf 86' lang='lat' dir='ltr'>annos</span> <span class='ocrx_word' id='word_1_109' title='bbox 426 1908 468 1970; x_wconf 75' lang='lat'>74,</span> <span class='ocrx_word' id='word_1_110' title='bbox 486 1927 567 1962; x_wconf 87' lang='lat' dir='ltr'>mens.</span> <span class='ocrx_word' id='word_1_111' title='bbox 584 1911 607 1972; x_wconf 84' lang='lat'>3,</span> <span class='ocrx_word' id='word_1_112' title='bbox 627 1915 651 1962; x_wconf 89' lang='lat' dir='ltr'>d.</span> <span class='ocrx_word' id='word_1_113' title='bbox 673 1911 689 1962; x_wconf 90' lang='lat'>5</span> <span class='ocrx_word' id='word_1_114' title='bbox 710 1913 845 1975; x_wconf 83' lang='lat' dir='ltr'>exegisset.</span> 
     </span>
    </p>
   </div>
   <div class='ocr_carea' id='block_1_3' title="bbox 249 2064 1158 3586">
    <p class='ocr_par' dir='ltr' id='par_1_3' title="bbox 249 2064 1158 3586">
     <span class='ocr_line' id='line_1_20' title="bbox 324 2064 1083 2140; baseline 0.005 -17"><span class='ocrx_word' id='word_1_115' title='bbox 324 2066 352 2123; x_wconf 80' lang='lat'>2;</span> <span class='ocrx_word' id='word_1_116' title='bbox 395 2066 503 2140; x_wconf 76' lang='lat' dir='ltr'>Elepia</span> <span class='ocrx_word' id='word_1_117' title='bbox 521 2067 552 2122; x_wconf 82' lang='lat' dir='ltr'>iu</span> <span class='ocrx_word' id='word_1_118' title='bbox 578 2065 611 2124; x_wconf 82' lang='lat' dir='ltr'>V.</span> <span class='ocrx_word' id='word_1_119' title='bbox 638 2064 668 2122; x_wconf 79' lang='lat' dir='ltr'>O.</span> <span class='ocrx_word' id='word_1_120' title='bbox 688 2068 810 2123; x_wconf 76' lang='lat' dir='ltr'>Ioannis</span> <span class='ocrx_word' id='word_1_121' title='bbox 833 2066 949 2123; x_wconf 68' lang='lat' dir='ltr'>Thoans</span> <span class='ocrx_word' id='word_1_122' title='bbox 968 2069 1083 2127; x_wconf 70' lang='lat' dir='ltr'>obitam.</span> 
     </span>
     <span class='ocr_line' id='line_1_21' title="bbox 249 2149 895 2228; baseline -0.003 -19"><span class='ocrx_word' id='word_1_123' title='bbox 249 2152 329 2228; x_wconf 84' lang='lat' dir='ltr'>Ergo</span> <span class='ocrx_word' id='word_1_124' title='bbox 347 2150 495 2221; x_wconf 86' lang='lat' dir='ltr'>funestos,</span> <span class='ocrx_word' id='word_1_125' title='bbox 517 2150 623 2227; x_wconf 85' lang='lat' dir='ltr'>regina</span> <span class='ocrx_word' id='word_1_126' title='bbox 644 2150 775 2221; x_wconf 86' lang='lat' dir='ltr'>Lutetia,</span> <span class='ocrx_word' id='word_1_127' title='bbox 799 2149 895 2207; x_wconf 87' lang='lat' dir='ltr'>cultus</span> 
     </span>
     <span class='ocr_line' id='line_1_22' title="bbox 292 2233 1008 2312; baseline 0.006 -21"><span class='ocrx_word' id='word_1_128' title='bbox 292 2233 405 2306; x_wconf 90' lang='lat' dir='ltr'>Sumis,</span> <span class='ocrx_word' id='word_1_129' title='bbox 427 2234 506 2297; x_wconf 84' lang='lat' dir='ltr'>etin</span> <span class='ocrx_word' id='word_1_130' title='bbox 526 2235 610 2293; x_wconf 90' lang='lat' dir='ltr'>vultu</span> <span class='ocrx_word' id='word_1_131' title='bbox 634 2236 722 2312; x_wconf 82' lang='lat' dir='ltr'>signa</span> <span class='ocrx_word' id='word_1_132' title='bbox 745 2233 875 2293; x_wconf 88' lang='lat' dir='ltr'>dolentis</span> <span class='ocrx_word' id='word_1_133' title='bbox 901 2234 1008 2295; x_wconf 87' lang='lat' dir='ltr'>habes.</span> 
     </span>
     <span class='ocr_line' id='line_1_23' title="bbox 251 2318 1082 2394; baseline 0.002 -16"><span class='ocrx_word' id='word_1_134' title='bbox 251 2320 370 2378; x_wconf 81' lang='lat' dir='ltr'>Occidit</span> <span class='ocrx_word' id='word_1_135' title='bbox 390 2319 429 2376; x_wconf 91' lang='lat' dir='ltr'>ah</span> <span class='ocrx_word' id='word_1_136' title='bbox 453 2318 544 2377; x_wconf 87' lang='lat' dir='ltr'>decus</span> <span class='ocrx_word' id='word_1_137' title='bbox 566 2320 619 2381; x_wconf 91' lang='lat' dir='ltr'>ille</span> <span class='ocrx_word' id='word_1_138' title='bbox 640 2329 734 2392; x_wconf 90' lang='lat' dir='ltr'>tuum,</span> <span class='ocrx_word' id='word_1_139' title='bbox 758 2328 810 2377; x_wconf 85' lang='lat' dir='ltr'>tue</span> <span class='ocrx_word' id='word_1_140' title='bbox 833 2339 904 2378; x_wconf 84' lang='lat' dir='ltr'>cure</span> <span class='ocrx_word' id='word_1_141' title='bbox 925 2319 1082 2394; x_wconf 86' lang='lat' dir='ltr'>Thuanus,</span> 
     </span>
     <span class='ocr_line' id='line_1_24' title="bbox 292 2405 1045 2480; baseline 0 -16"><span class='ocrx_word' id='word_1_142' title='bbox 292 2408 391 2479; x_wconf 88' lang='lat' dir='ltr'>Atque</span> <span class='ocrx_word' id='word_1_143' title='bbox 413 2405 558 2480; x_wconf 88' lang='lat' dir='ltr'>estquod</span> <span class='ocrx_word' id='word_1_144' title='bbox 579 2406 689 2463; x_wconf 84' lang='lat' dir='ltr'>feretro</span> <span class='ocrx_word' id='word_1_145' title='bbox 711 2405 797 2464; x_wconf 88' lang='lat' dir='ltr'>triste</span> <span class='ocrx_word' id='word_1_146' title='bbox 816 2405 935 2462; x_wconf 87' lang='lat' dir='ltr'>levatur</span> <span class='ocrx_word' id='word_1_147' title='bbox 958 2424 1045 2464; x_wconf 87' lang='lat' dir='ltr'>onus.</span> 
     </span>
     <span class='ocr_line' id='line_1_25' title="bbox 251 2488 1067 2568; baseline -0.004 -18"><span class='ocrx_word' id='word_1_148' title='bbox 251 2488 393 2550; x_wconf 84' lang='lat' dir='ltr'>Summus</span> <span class='ocrx_word' id='word_1_149' title='bbox 417 2489 620 2563; x_wconf 88' lang='lat' dir='ltr'>alumnorum,</span> <span class='ocrx_word' id='word_1_150' title='bbox 641 2510 717 2565; x_wconf 88' lang='lat' dir='ltr'>quos</span> <span class='ocrx_word' id='word_1_151' title='bbox 740 2490 778 2547; x_wconf 88' lang='lat' dir='ltr'>ad</span> <span class='ocrx_word' id='word_1_152' title='bbox 800 2489 925 2568; x_wconf 84' lang='lat' dir='ltr'>fastigia</span> <span class='ocrx_word' id='word_1_153' title='bbox 946 2490 1067 2548; x_wconf 84' lang='lat' dir='ltr'>laudum</span> 
     </span>
     <span class='ocr_line' id='line_1_26' title="bbox 291 2568 1158 2653; baseline -0.003 -20"><span class='ocrx_word' id='word_1_154' title='bbox 291 2575 418 2634; x_wconf 86' lang='lat' dir='ltr'>Virtutis</span> <span class='ocrx_word' id='word_1_155' title='bbox 440 2575 560 2634; x_wconf 84' lang='lat' dir='ltr'>fervens</span> <span class='ocrx_word' id='word_1_156' title='bbox 583 2578 714 2653; x_wconf 89' lang='lat' dir='ltr'>impetus</span> <span class='ocrx_word' id='word_1_157' title='bbox 738 2575 895 2633; x_wconf 78' lang='lat' dir='ltr'>extulerat.</span> <span class='ocrx_word' id='word_1_158' title='bbox 1156 2568 1158 2571; x_wconf 68' lang='grc'><strong>’</strong></span> 
     </span>
     <span class='ocr_line' id='line_1_27' title="bbox 250 2659 1158 2736; baseline 0.001 -19"><span class='ocrx_word' id='word_1_159' title='bbox 250 2659 330 2734; x_wconf 78' lang='lat' dir='ltr'>Quid</span> <span class='ocrx_word' id='word_1_160' title='bbox 345 2678 452 2736; x_wconf 84' lang='lat' dir='ltr'>genus,</span> <span class='ocrx_word' id='word_1_161' title='bbox 466 2669 516 2717; x_wconf 82' lang='lat' dir='ltr'>aut</span> <span class='ocrx_word' id='word_1_162' title='bbox 528 2669 700 2736; x_wconf 88' lang='lat' dir='ltr'>praestans,</span> <span class='ocrx_word' id='word_1_163' title='bbox 717 2661 858 2719; x_wconf 86' lang='lat' dir='ltr'>iuvenum</span> <span class='ocrx_word' id='word_1_164' title='bbox 874 2659 1052 2731; x_wconf 85' lang='lat' dir='ltr'>lectissime,</span> <span class='ocrx_word' id='word_1_165' title='bbox 1067 2660 1158 2718; x_wconf 79' lang='lat' dir='ltr'>virus</span> 
     </span>
     <span class='ocr_line' id='line_1_28' title="bbox 291 2744 948 2823; baseline 0 -22"><span class='ocrx_word' id='word_1_166' title='bbox 291 2745 421 2818; x_wconf 84' lang='lat' dir='ltr'>Profuit,</span> <span class='ocrx_word' id='word_1_167' title='bbox 443 2753 494 2802; x_wconf 87' lang='lat' dir='ltr'>aut</span> <span class='ocrx_word' id='word_1_168' title='bbox 513 2747 624 2805; x_wconf 91' lang='lat' dir='ltr'>mentis</span> <span class='ocrx_word' id='word_1_169' title='bbox 647 2747 692 2805; x_wconf 87' lang='lat' dir='ltr'>vis</span> <span class='ocrx_word' id='word_1_170' title='bbox 715 2764 862 2823; x_wconf 86' lang='lat' dir='ltr'>generosa</span> <span class='ocrx_word' id='word_1_171' title='bbox 882 2744 948 2817; x_wconf 88' lang='lat' dir='ltr'>tibi,</span> 
     </span>
     <span class='ocr_line' id='line_1_29' title="bbox 251 2826 1046 2890; baseline -0.004 0"><span class='ocrx_word' id='word_1_172' title='bbox 251 2829 285 2890; x_wconf 85' lang='lat' dir='ltr'>si</span> <span class='ocrx_word' id='word_1_173' title='bbox 308 2849 391 2889; x_wconf 90' lang='lat' dir='ltr'>mors</span> <span class='ocrx_word' id='word_1_174' title='bbox 415 2838 485 2887; x_wconf 86' lang='lat' dir='ltr'>ente</span> <span class='ocrx_word' id='word_1_175' title='bbox 507 2831 584 2889; x_wconf 91' lang='lat' dir='ltr'>diem</span> <span class='ocrx_word' id='word_1_176' title='bbox 605 2840 635 2890; x_wconf 92' lang='lat' dir='ltr'>te</span> <span class='ocrx_word' id='word_1_177' title='bbox 655 2826 760 2889; x_wconf 80' lang='lat' dir='ltr'>funere</span> <span class='ocrx_word' id='word_1_178' title='bbox 782 2830 905 2887; x_wconf 88' lang='lat' dir='ltr'>damnat</span> <span class='ocrx_word' id='word_1_179' title='bbox 923 2829 1046 2887; x_wconf 81' lang='lat' dir='ltr'>acerbo:</span> 
     </span>
     <span class='ocr_line' id='line_1_30' title="bbox 292 2915 1080 2976; baseline 0 -4"><span class='ocrx_word' id='word_1_180' title='bbox 292 2915 427 2972; x_wconf 83' lang='lat' dir='ltr'>iniecere</span> <span class='ocrx_word' id='word_1_181' title='bbox 448 2916 553 2975; x_wconf 86' lang='lat' dir='ltr'>uvidas</span> <span class='ocrx_word' id='word_1_182' title='bbox 578 2917 605 2976; x_wconf 91' lang='lat' dir='ltr'>si</span> <span class='ocrx_word' id='word_1_183' title='bbox 625 2916 678 2975; x_wconf 91' lang='lat' dir='ltr'>tibi</span> <span class='ocrx_word' id='word_1_184' title='bbox 701 2917 776 2975; x_wconf 84' lang='lat' dir='ltr'>Fata</span> <span class='ocrx_word' id='word_1_185' title='bbox 796 2915 927 2972; x_wconf 78' lang='lat' dir='ltr'>manus?</span> <span class='ocrx_word' id='word_1_186' title='bbox 1012 2971 1018 2975; x_wconf 72' lang='grc'><strong><em>,</em></strong></span> <span class='ocrx_word' id='word_1_187' title='bbox 1077 2918 1080 2927; x_wconf 85' lang='grc'>’</span> 
     </span>
     <span class='ocr_line' id='line_1_31' title="bbox 251 2997 1001 3078; baseline -0.005 -19"><span class='ocrx_word' id='word_1_188' title='bbox 251 3006 292 3059; x_wconf 87' lang='lat' dir='ltr'>At</span> <span class='ocrx_word' id='word_1_189' title='bbox 313 3000 368 3058; x_wconf 90' lang='lat' dir='ltr'>tibi</span> <span class='ocrx_word' id='word_1_190' title='bbox 389 3001 421 3058; x_wconf 90' lang='lat' dir='ltr'>in</span> <span class='ocrx_word' id='word_1_191' title='bbox 443 3014 571 3078; x_wconf 87' lang='lat' dir='ltr'>augusto</span> <span class='ocrx_word' id='word_1_192' title='bbox 595 3002 714 3058; x_wconf 89' lang='lat' dir='ltr'>culmen</span> <span class='ocrx_word' id='word_1_193' title='bbox 734 2999 863 3058; x_wconf 90' lang='lat' dir='ltr'>sublime</span> <span class='ocrx_word' id='word_1_194' title='bbox 886 2997 1001 3059; x_wconf 84' lang='lat' dir='ltr'>Senatu</span> 
     </span>
     <span class='ocr_line' id='line_1_32' title="bbox 292 3084 920 3163; baseline -0.002 -21"><span class='ocrx_word' id='word_1_195' title='bbox 292 3084 396 3144; x_wconf 85' lang='lat' dir='ltr'>Firma</span> <span class='ocrx_word' id='word_1_196' title='bbox 418 3087 611 3163; x_wconf 86' lang='lat' dir='ltr'>spondebant</span> <span class='ocrx_word' id='word_1_197' title='bbox 629 3086 730 3144; x_wconf 88' lang='lat' dir='ltr'>omina</span> <span class='ocrx_word' id='word_1_198' title='bbox 752 3093 833 3143; x_wconf 87' lang='lat' dir='ltr'>certa</span> <span class='ocrx_word' id='word_1_199' title='bbox 852 3085 920 3147; x_wconf 81' lang='lat' dir='ltr'>fide.</span> 
     </span>
     <span class='ocr_line' id='line_1_33' title="bbox 250 3169 1091 3244; baseline -0.001 -15"><span class='ocrx_word' id='word_1_200' title='bbox 250 3172 290 3229; x_wconf 84' lang='lat' dir='ltr'>Et</span> <span class='ocrx_word' id='word_1_201' title='bbox 312 3171 367 3228; x_wconf 93' lang='lat' dir='ltr'>tibi</span> <span class='ocrx_word' id='word_1_202' title='bbox 386 3173 498 3230; x_wconf 85' lang='lat' dir='ltr'>adhoc</span> <span class='ocrx_word' id='word_1_203' title='bbox 521 3173 627 3243; x_wconf 79' lang='lat' dir='ltr'>virtus,</span> <span class='ocrx_word' id='word_1_204' title='bbox 652 3178 682 3227; x_wconf 92' lang='lat' dir='ltr'>et</span> <span class='ocrx_word' id='word_1_205' title='bbox 701 3169 763 3227; x_wconf 86' lang='lat' dir='ltr'>vita</span> <span class='ocrx_word' id='word_1_206' title='bbox 782 3170 902 3227; x_wconf 88' lang='lat' dir='ltr'>exculta</span> <span class='ocrx_word' id='word_1_207' title='bbox 923 3187 977 3244; x_wconf 90' lang='lat' dir='ltr'>per</span> <span class='ocrx_word' id='word_1_208' title='bbox 997 3176 1091 3244; x_wconf 87' lang='lat' dir='ltr'>artes,</span> 
     </span>
     <span class='ocr_line' id='line_1_34' title="bbox 292 3253 1019 3331; baseline -0.006 -18"><span class='ocrx_word' id='word_1_209' title='bbox 292 3255 445 3330; x_wconf 82' lang='lat' dir='ltr'>Famaque</span> <span class='ocrx_word' id='word_1_210' title='bbox 468 3258 506 3314; x_wconf 86' lang='lat' dir='ltr'>ab</span> <span class='ocrx_word' id='word_1_211' title='bbox 529 3255 661 3331; x_wconf 90' lang='lat' dir='ltr'>antiquis</span> <span class='ocrx_word' id='word_1_212' title='bbox 682 3255 778 3313; x_wconf 85' lang='lat' dir='ltr'>missa</span> <span class='ocrx_word' id='word_1_213' title='bbox 798 3255 920 3312; x_wconf 87' lang='lat' dir='ltr'>favebat</span> <span class='ocrx_word' id='word_1_214' title='bbox 943 3253 1019 3325; x_wconf 84' lang='lat' dir='ltr'>avis,</span> 
     </span>
     <span class='ocr_line' id='line_1_35' title="bbox 250 3337 1072 3415; baseline -0.005 -16"><span class='ocrx_word' id='word_1_215' title='bbox 250 3342 291 3399; x_wconf 83' lang='lat' dir='ltr'>Et</span> <span class='ocrx_word' id='word_1_216' title='bbox 313 3339 448 3413; x_wconf 86' lang='lat' dir='ltr'>Genitor,</span> <span class='ocrx_word' id='word_1_217' title='bbox 471 3360 559 3415; x_wconf 87' lang='lat' dir='ltr'>quem</span> <span class='ocrx_word' id='word_1_218' title='bbox 582 3340 609 3398; x_wconf 90' lang='lat' dir='ltr'>si</span> <span class='ocrx_word' id='word_1_219' title='bbox 630 3337 685 3397; x_wconf 90' lang='lat' dir='ltr'>tibi</span> <span class='ocrx_word' id='word_1_220' title='bbox 705 3360 763 3398; x_wconf 91' lang='lat' dir='ltr'>non</span> <span class='ocrx_word' id='word_1_221' title='bbox 784 3339 903 3397; x_wconf 86' lang='lat' dir='ltr'>Natura</span> <span class='ocrx_word' id='word_1_222' title='bbox 926 3338 1072 3413; x_wconf 88' lang='lat' dir='ltr'>dedisset,</span> 
     </span>
     <span class='ocr_line' id='line_1_36' title="bbox 293 3425 978 3500; baseline -0.004 -17"><span class='ocrx_word' id='word_1_223' title='bbox 293 3426 325 3484; x_wconf 92' lang='lat' dir='ltr'>Is</span> <span class='ocrx_word' id='word_1_224' title='bbox 347 3427 461 3487; x_wconf 88' lang='lat' dir='ltr'>meritis</span> <span class='ocrx_word' id='word_1_225' title='bbox 486 3425 579 3483; x_wconf 84' lang='lat' dir='ltr'>animi</span> <span class='ocrx_word' id='word_1_226' title='bbox 597 3425 657 3482; x_wconf 87' lang='lat' dir='ltr'>iam</span> <span class='ocrx_word' id='word_1_227' title='bbox 681 3433 750 3483; x_wconf 91' lang='lat' dir='ltr'>tuus</span> <span class='ocrx_word' id='word_1_228' title='bbox 774 3443 843 3482; x_wconf 88' lang='lat' dir='ltr'>esse</span> <span class='ocrx_word' id='word_1_229' title='bbox 865 3431 978 3500; x_wconf 87' lang='lat' dir='ltr'>potest.</span> 
     </span>
     <span class='ocr_line' id='line_1_37' title="bbox 252 3505 1069 3586; baseline -0.006 -18"><span class='ocrx_word' id='word_1_230' title='bbox 252 3510 298 3570; x_wconf 87' lang='lat' dir='ltr'>Te</span> <span class='ocrx_word' id='word_1_231' title='bbox 321 3510 449 3586; x_wconf 90' lang='lat' dir='ltr'>primum</span> <span class='ocrx_word' id='word_1_232' title='bbox 473 3510 552 3569; x_wconf 86' lang='lat' dir='ltr'>sacri</span> <span class='ocrx_word' id='word_1_233' title='bbox 573 3507 689 3570; x_wconf 82' lang='lat' dir='ltr'>Genius</span> <span class='ocrx_word' id='word_1_234' title='bbox 713 3509 840 3568; x_wconf 88' lang='lat' dir='ltr'>Themis</span> <span class='ocrx_word' id='word_1_235' title='bbox 861 3508 942 3567; x_wconf 85' lang='lat' dir='ltr'>alma</span> <span class='ocrx_word' id='word_1_236' title='bbox 964 3505 1069 3571; x_wconf 81' lang='lat' dir='ltr'>Senati</span> 
     </span>
    </p>
   </div>
   <div class='ocr_carea' id='block_1_4' title="bbox 0 0 1278 4216">
    <p class='ocr_par' dir='ltr' id='par_1_4' title="bbox 0 0 1278 4216">
     <span class='ocr_line' id='line_1_38' title="bbox 0 0 1278 4216; baseline 0 0"><span class='ocrx_word' id='word_1_237' title='bbox 0 0 1278 4216; x_wconf 95' lang='lat' dir='ltr'> </span> 
     </span>
    </p>
   </div>
  </div>
 </body>
</html>
