2604 4210
563 365 623 426 407

517 450 670 459 ———-—-

137 532 277 608 Namque
298 540 351 592 tuo
374 534 525 613 extinguis
545 554 655 613 corpus
677 535 865 610 animamque
887 555 1006 612 sopore,

138 616 266 692 Quando
288 620 457 696 perrumpis
477 627 602 679 naturae
624 620 725 680 vivida
747 620 888 693 claustra,

138 701 239 762 Caeca
259 703 416 762 hominum
438 705 563 783 signans
585 714 708 765 aeterno
728 704 845 763 lumina
867 724 985 765 somno.

139 783 283 849 Omnibu’
306 790 487 863 communis,
504 790 573 849 aliis
594 791 704 849 iniuria
725 790 845 866 partim,

137 874 300 933 Florentes
324 874 480 952 stinguens
500 882 614 935 aetates
634 876 740 934 funere
764 875 882 933 acerbo.

138 959 252 1020 Omnia
272 977 342 1016 nam
365 974 503 1018 concreta
524 961 556 1018 in
579 968 610 1019 te
633 961 700 1020 sola
718 957 929 1019 absoli'runtur:

138 1042 220 1102 Nam
240 1063 339 1118 neque
359 1045 529 1122 suppliciis,
556 1065 654 1123 neque
676 1047 753 1105 votis
776 1051 900 1121 pectora
920 1043 1046 1120 frangis.

139 1129 241 1204 Quare
262 1148 280 1187 ο
302 1136 407 1187 sancta
426 1131 506 1202 veni,
531 1132 624 1210 longo
644 1139 717 1208 post
738 1138 874 1206 tempore
896 1129 985 1200 vitae,

139 1214 228 1291 Quod
246 1221 275 1271 te
298 1213 457 1290 suppliciis
480 1223 511 1272 et
534 1217 614 1275 votis
638 1218 834 1286 obtestamur,

138 1299 180 1359 Ut
199 1298 319 1357 felicem
339 1300 471 1359 habeant
492 1301 629 1361 homines
649 1301 820 1376 claramque
844 1306 1007 1360 senectam.

289 1393 415 1445 Vertcbst
439 1395 492 1445 Ios.
512 1394 580 1450 Sosi.
599 1397 667 1446 intra
683 1399 798 1462 quinque
815 1398 914 1447 dieram
930 1394 1049 1460 apetiam.

155 1579 279 1630 Eiusdem
303 1579 355 1630 Ios.
373 1579 442 1634 Scal.
460 1584 641 1632 annotationes
659 1583 686 1631 in
704 1582 821 1647 Hymnos
841 1583 1032 1647 praecedentes.

191 1646 243 1696 tris
266 1646 331 1696 iiber
349 1665 400 1698 non
417 1651 525 1717 proprie
548 1659 607 1700 sunt
625 1647 715 1717 ὕμνοι,
740 1649 785 1699 sed
807 1648 916 1701 τελεταί.
940 1665 1001 1698 nam
1021 1649 1051 1697 in

139 1716 246 1783 Hymnis
254 1716 366 1778 natalia,
376 1726 459 1784 qesta,
479 1727 503 1768 et
515 1718 636 1768 eiusmodi
644 1727 802 1768 narrantur:
826 1719 936 1768 hisvero
950 1723 1050 1766 tantum

138 1785 313 1835 invocationes
334 1785 460 1848 Deomrm,
486 1786 574 1852 quibam
598 1787 736 1837 utebantur
765 1787 793 1835 in
810 1787 939 1852 mysteriis
956 1786 985 1844 ii,
1006 1784 1050 1851 qni

139 1853 223 1904 saeris
243 1855 385 1920 cuiuspiam
399 1854 445 1904 Dei
457 1856 637 1906 initiarentur:
665 1856 730 1905 Sunt
750 1855 827 1905 etiam
846 1856 882 1905 ad
900 1852 1051 1922 depellenda

140 1922 212 1972 maia
231 1923 334 1974 adiecti.
369 1923 440 1985 Quae
458 1925 543 1973 arania
555 1933 639 1974 tamea
649 1926 714 1989 fiunt
726 1923 915 1990 aequaminibua
926 1922 1051 1988 mysticis.

142 1990 194 2040 Sed
212 1990 305 2042 Graeci
327 1992 356 2041 ia
375 1992 423 2042 bac
438 2010 547 2059 prorsus
569 2002 636 2046 sunt.
674 1993 768 2043 Latina
794 1992 893 2060 quidem
910 1993 989 2043 Initia
1005 1991 1048 2040 in-

141 2057 220 2109 scribi
238 2068 332 2126 potest,
350 2069 379 2111 ut
396 2061 551 2129 respondeat
576 2062 675 2113 Graeco
693 2061 770 2112 aerbo
785 2059 898 2112 reiterari:
925 2060 971 2110 sed
986 2060 1048 2126 quia

116 2130 119 2137 '
142 2135 221 2178 totum
238 2128 425 2195 eoqnaminibus
446 2130 557 2181 Deorum
577 2139 687 2194 constat,
706 2132 795 2181 melius
811 2129 962 2182 inscribitur
978 2129 1048 2179 Indi-

139 2199 291 2261 gitamenta.
332 2197 433 2249 Veteres
451 2201 516 2250 enim
526 2200 625 2262 Latini,
644 2218 706 2268 quos
723 2201 819 2252 Graeci
834 2207 929 2250 coeant
942 2195 1050 2264 ὕμνους,

138 2266 190 2332 ipsi
207 2268 340 2316 nominant
361 2269 527 2331 Assamenta,
548 2286 613 2335 quae
631 2268 731 2319 scilicet
745 2270 886 2335 separatim
898 2268 927 2317 in
937 2266 1051 2331 aliquem

55 2376 60 2387 .
139 2333 221 2384 Deam
241 2343 377 2398 canuntur,
394 2337 527 2403 inquibus
545 2345 620 2403 qesta
637 2346 662 2387 et
677 2339 785 2387 uirtutes
800 2338 852 2386 eius
867 2335 914 2384 Dei
933 2332 1051 2384 celebra-

138 2410 211 2462 runt,
233 2410 263 2451 ut
290 2403 355 2452 alibi
376 2402 458 2466 fusius
480 2406 599 2456 diotimus.
641 2405 678 2455 Ar
700 2406 898 2468 Indigitamente
914 2409 1050 2461 uocarunt,

139 2471 168 2520 in
193 2469 282 2535 quibus
303 2470 413 2521 Deorum
440 2475 590 2539 sequanina
614 2475 691 2523 naria
710 2480 799 2522 essent.
837 2471 935 2521 Damam
956 2469 1053 2521 Graeci

140 2537 190 2589 dua
217 2554 314 2602 qaaere
336 2541 468 2601 fecerunt.-
489 2558 549 2590 nam
567 2539 680 2609 κλητοὺς
702 2538 799 2607 ὕμνους
825 2547 952 2590 uocarunt
971 2539 1048 2588 auai-

142 2606 237 2657 liarum
256 2614 280 2655 et
297 2607 439 2670 faventium
453 2609 572 2670 Deorum,
594 2609 782 2679 ἀποτροπαίους
801 2616 885 2658 autem
898 2607 1052 2666 nocentium,

140 2692 207 2743 quae
226 2683 303 2725 coeat
325 2675 448 2741 Virqilius
464 2678 540 2727 laeva
557 2679 672 2728 numina.
710 2677 809 2727 Horum
827 2679 938 2743 primum
958 2693 990 2725 ea
1005 2693 1051 2726 ae-

141 2752 194 2793 tere
215 2743 409 2810 linquebatina
420 2744 581 2805 colatorium
599 2760 718 2808 cermen3
736 2745 855 2807 alterum,
874 2744 1052 2796 Averruncele

140 2829 234 2862 uocare
252 2830 393 2932 possumus.
435 2814 530 2877 Quare,
555 2823 585 2866 ut
603 2815 668 2875 dici,
691 2815 752 2881 quia
771 2816 858 2865 omnia
876 2813 971 2863 Latine
988 2811 1052 2862 red·

140 2881 200 2931 dere
217 2898 249 2932 ao
260 2898 342 2943 umus,
364 2884 464 2933 tametsi
485 2883 574 2935 titulus
595 2884 712 2935 Graecae
725 2883 888 2950 imeriptioni
900 2879 990 2949 ὕμνων
1001 2896 1056 2930 non

140 2950 284 3016 respondet,
305 2959 389 3001 tamen
407 2952 607 3016 Indigitomenta
627 2953 813 3019 inscripsimus.
851 2951 955 3001 Dictum
967 2957 1053 3000 autem

141 3019 277 3083 indigitare
296 3037 344 3081 aro
365 3021 505 3081 matertere,
526 3021 574 3071 boc
590 3029 628 3071 est
648 3037 750 3071 uocare.
786 3020 854 3071 Nam
874 3021 979 3069 citatam
996 3019 1053 3083 ple-

141 3087 201 3138 bem
218 3088 346 3149 dicebant,
365 3090 475 3156 quaein
494 3090 617 3140 iudicium
636 3097 730 3140 aoaata
747 3096 819 3140 esset.
843 3088 887 3138 Sic
898 3088 968 3155 apud
981 3087 1053 3138 Var-

140 3172 229 3206 ronem
244 3157 283 3207 De
303 3158 391 3225 linqua
410 3157 508 3208 Latina
526 3161 596 3224 quod
614 3175 691 3225 pecus
710 3160 843 3208 incitatum
855 3158 988 3221 antiquum
1007 3170 1053 3221 op-

159 3227 230 3275 idum
244 3228 395 3292 exissabanm
416 3225 546 3294 legendum
557 3228 652 3295 potius,
672 3228 856 3276 inducitatum:
874 3225 943 3292 quod
954 3232 1055 3274 estnon

141 3241 281 3356 1b'arronis,
308 3295 353 3346 sed
375 3295 508 3346 cuiusdam
533 3298 626 3346 asteria
652 3304 744 3362 poetae
770 3291 976 3366 ἀκροτελεὺτιον.
1017 3292 1055 3342 Et

141 3364 218 3413 citare
236 3372 323 3414 natum
339 3364 401 3431 quid
418 3365 452 3414 sit
471 3365 499 3414 iu
516 3363 659 3429 feruoribus
677 3373 702 3414 et
718 3362 884 3415 iudicialibus
901 3362 1009 3422 caussis,
1029 3354 1060 3410 ab

142 3433 249 3482 citatam
273 3434 472 3484 instrumentum
499 3440 680 3501 nuncupatum.
724 3431 797 3499 Erpa
815 3432 964 3494 indicitare,
987 3429 1056 3497 quod

142 3507 200 3551 erat
220 3502 335 3562 incitare,
354 3510 379 3551 et
396 3504 532 3566 indigitare
553 3502 633 3564 idem,
658 3509 687 3552 ut
712 3502 847 3551 subicitare
866 3507 891 3548 et
908 3499 1054 3564 subagitare

140 3570 169 3619 in
190 3568 285 3619 Casina
306 3569 410 3624 Plauti:
429 3579 457 3621 ut
475 3574 569 3621 inicere
586 3572 614 3621 ia
631 3569 747 3620 Varrone
763 3587 813 3638 pro
831 3571 937 3634 inigere.
970 3567 1054 3618 Tanta
