2560 4216
633 324 785 420 4²29..-

249 490 298 557 Τα
322 491 474 558 ύπλουτος
493 489 570 573 ἀνὴρ
592 489 628 553 ού
651 487 765 572 γένοιτ’
789 487 825 552 ἂν
850 487 960 558 δεξιός.

242 515 360 663 Ὀλβος
381 574 454 639 κάθ’
476 574 572 637 αὑτοῦ
592 573 689 659 χρῆμ’
712 573 884 637 ἀσύστατον
909 573 1011 657 φύσει.

251 659 376 747 Βαρεῖοι
397 664 484 742 μῆνις
504 657 610 722 οὐδέν’
633 658 728 723 εἴωθε
751 661 885 722 σκοπεῖν.

251 743 318 810 Οὐκ
338 743 400 809 ἔστ’
426 742 567 807 ἀνελθεῖν
588 743 708 821 ἐνθάδ’,
729 743 801 807 ὅθεν
826 740 910 828 ἔβης,
934 741 1024 827 βαρύ.

250 828 288 894 T'
308 827 362 899 ούς
385 831 538 911 δημοτῶν,
561 828 595 891 τό
615 828 641 890 τ’
664 827 761 912 ὄμμα,
785 828 937 911 μάρτυρες
957 826 1060 889 κακοί.

251 914 369 982 Φιλους
388 915 523 977 ἐπαινεῖν
547 912 678 997 φανερὰ,
702 912 860 976 νουθετεῖν
881 909 996 995 λάθρα.

248 995 303 1068 Εἰς
323 998 395 1068 τοδς
416 998 590 1081 φοβούντας
614 999 630 1060 ό
655 996 754 1081 φόβος
773 996 1001 1067 ἀναποδῖῖεται.

244 1080 352 1151 Ἐλπὶς
376 1082 522 1169 βραβείου
542 1081 614 1149 τοὺς
631 1079 746 1150 πόνους
765 1083 948 1164 παρηγορεῖ.

249 1162 291 1230 Τδ
315 1168 388 1231 ποῖά
413 1166 549 1251 ἄφυκτον
571 1166 716 1244 δεδιέναι,
739 1167 816 1248 πρδς
840 1161 986 1249 ἄφρονος.

242 1249 300 1320 Ὡς
323 1251 449 1330 ἄτοπον,
473 1248 578 1334 ἄρχειν
601 1256 661 1313 τῶν
684 1250 791 1325 πέλας,
813 1250 908 1313 αύτού
934 1249 968 1312 δέ
990 1249 1051 1332 μήθ

127 1406 130 1417 ,
248 1334 349 1418 Σκευὴ
372 1334 405 1399 δ>
426 1333 560 1398 ύποπτόν
584 1335 648 1397 ἐστι
669 1338 733 1403 τοῖς
754 1332 952 1419 ὠνουμένοις.
996 1386 999 1392 .
1054 1336 1057 1339 ’

249 1417 360 1504 Κίμβιξ
382 1423 512 1482 τοσοῦτο
536 1418 611 1482 δαῖτ’
636 1416 729 1504 ἔχων,
753 1418 826 1481 όσον
850 1416 906 1481 οὐκ
926 1415 1024 1502 ἔχων.

249 1500 361 1589 Κίμβιξ
382 1503 398 1567 ἓ
419 1504 512 1577 λιτδν,
535 1503 637 1571 δειλδς
657 1502 776 1588 εὐλαβῆ
797 1505 897 1566 καλεῖ.

241 1582 433 1673 Ὕπαισχρος
456 1585 550 1651 ἔνδει’
574 1588 639 1671 ἥτις
661 1588 696 1650 ἐκ
719 1587 809 1669 δόξης
830 1586 901 1670 ἔφυ.

248 1669 374 1759 Βουλὴν
394 1676 521 1758 ταχεῖαν
546 1674 718 1755 μετάμελος
740 1671 930 1756 μετέρχεται.

250 1756 362 1841 Φέρων
382 1757 518 1821 παλαιὰν
544 1759 640 1842 ύβριν,
664 1757 804 1823 ἐκκαλεῖς
825 1756 908 1818 νέαν.
1010 1781 1013 1785 ’

248 1840 367 1905 Ψεκτδν
389 1844 486 1906 πάλαι
511 1841 577 1925 μὲν,
599 1847 651 1904 νύν
672 1842 707 1904 δὲ
729 1841 846 1904 διοικεῖγ
865 1838 929 1904 ἔστ’
952 1834 1036 1905 ἔθος.

423 2068 428 2073 .
588 2003 826 2073 ΤΡΟΧΑΙΚΟΙ.

240 2087 338 2155 Ὅσον
363 2091 407 2154 ἐνὶ
425 2092 530 2177 κύβοις
540 2094 662 2177 τρίβων,
674 2092 764 2155 τόσον
779 2090 852 2155 ἔσθ’
867 2094 883 2156 ό
897 2091 1047 2177 κυβευτὴς
1060 2089 1161 2160 κακός.

248 2175 384 2238 Δόναται
410 2175 478 2238 οὔτ’
500 2178 641 2260 ἀνδρεῖος
660 2177 756 2263 ύβριν,
779 2176 851 2241 ούτε
875 2177 1026 2259 γεννάδας
1048 2175 1162 2260 φέρειν.

250 2259 366 2344 Αἶχρος
386 2263 428 2329 όνς
449 2260 606 2371 εύσχημόν
629 2262 703 2338 ἐστι,
724 2265 783 2324 τῶν
805 2265 909 2325 καλῶν
933 2259 1130 2344 ὑπερθανεῖν.

241 2339 347 2414 Ὅστις
367 2344 430 2407 ἐστι
453 2369 551 2431 φυγας
572 2345 687 2421 ἄοικος,
707 2344 796 2414 ούτός
819 2344 883 2410 ἐστ>
905 2344 1024 2430 ἄταφος
1044 2344 1142 2414 νέκυς.

250 2423 295 2490 Ού
317 2435 468 2512 γυναικῶν
491 2431 692 2513 ἐπιμελεῖται,
713 2431 792 2514 πλὴν
817 2431 1161 2514 δόσελπιςτῆςσχολῆς.

189 2549 194 2561 ·
247 2509 420 2599 Ἐπιτυχὼν
440 2517 553 2621 γηρως,
574 2517 671 2599 μάτην
693 2514 803 2583 ποθεῖς
827 2516 1011 2600 ἀνηβάσκειν
1034 2516 1137 2577 πάλιν.

249 2593 303 2682 Τῷ
322 2601 425 2685 κράτει
445 2622 584 2668 συνοικος
605 2601 680 2683 ὀργὴ
705 2599 838 2682 σκηπτός
859 2600 938 2662 ἐστιν
963 2597 1109 2681 ὀξύπληξ.

248 2679 291 2745 Σύ
311 2683 400 2767 χάριν
414 2682 593 2769 εὐτυχοῦντι
602 2686 732 2788 χρήσας,
746 2686 904 2770 δυστυχῶν
918 2683 1161 2768 ἀπολαμβάνοις.

243 2764 358 2848 Ἀλγος
378 2767 410 2831 ἐν
431 2769 577 2853 βασάνοις
600 2767 725 2854 αφαινόν
749 2768 827 2830 ἐστιν
853 2769 1057 2831 ἀθλιώτατον.

244 2846 313 2912 ‘ra‘
342 2850 556 2915 ἀνυπευθύνου
581 2851 657 2937 μάλ’
680 2852 792 2936 ἀνδρός
815 2853 894 2915 ἐστιν
915 2852 1059 2999 ὑβρίσθαι
1073 2852 1160 2938 βαρύ.

241 2931 329 2998 Ἔστι
348 2935 386 3018 δὴ
409 2937 536 3020 μνήμων
560 2938 673 3001 ἑαυτοῦ
697 2939 712 3001 ό
736 2938 834 2999 ἐλεῶν
856 2938 907 3000 τδν
953 2940 1082 3021 υστυχῆ.

248 3019 398 3103 Δεύτερος
421 3022 555 3105 ναυηγδς
578 3022 634 3085 οὐκ
655 3020 690 3084 εύ
715 3044 752 3105 τη
779 3020 917 3105 θαλάττη
942 3020 1109 3106 μέμφεται.

242 3100 296 3166 Ἐν
320 3107 427 3174 κακοῖς
447 3105 573 3189 θαβρεῖν
596 3104 632 3168 ἂν
657 3104 705 3187 εἴη
728 3107 807 3189 πλὴν
829 3106 949 3182 άθιόου,
974 3104 1116 3189 μηδενός.

244 3185 357 3274 Ὀλβος
375 3186 415 3252 αύ
439 3190 548 3274 φιλους
573 3188 666 3264 ἔτεΕε,
688 3189 834 3274 συμφορὰ
858 3191 888 3254 δ’
910 3190 1080 3275 ἐλέγχεται.

247 3271 353 3356 Θυμδν
374 3271 499 3356 ἔγκοτον
524 3275 683 3358 δαμάζων,
707 3273 856 3358 πολέμιον
879 3281 949 3360 νικᾷ
970 3274 1076 3358 μέγαν.

245 3354 368 3443 Εύτυχ”
394 3359 497 3420 καλῶν
521 3381 566 3434 σε,
588 3358 665 3421 κατὰ
687 3363 744 3423 σού
766 3361 819 3443 τὴν
841 3357 936 3445 τύχην
957 3359 1143 3465 ἐρεσχελεῖς.

247 3438 307 3505 Τδν
333 3465 355 3526 φ
389 3463 421 3502 ον
445 3442 565 3523 κτήσαι’
591 3441 626 3505 ἂν
648 3442 762 3527 ἐχθρδν
784 3447 826 3512 ὡς
846 3447 1054 3528 γενησόμενον
1075 3464 1158 3506 ποτε.

246 3523 325 3589 Ποῖα
350 3524 535 3609 ἐπίστροφον
560 3527 691 3612 μεγίστῳ
710 3526 840 3612 κινδύνῳ
864 3530 1067 3614 φυλάσσεται.
