2586 4214
639 324 790 420 gap

257 492 462 568 Aplustreque
484 490 610 565 passim,
630 502 662 550 et
681 493 835 571 explicata
856 512 1005 572 suppara,

257 575 432 634 Phrenetici
454 573 675 650 septentrionis
697 578 835 638 flatibus:

259 664 302 720 At
319 680 375 720 ora
394 660 519 721 solvens
542 662 659 722 entheis
683 664 896 737 bacchatibus,

260 750 336 805 Ates
354 747 391 804 ab
414 745 484 805 altis
506 764 659 823 pervagae
682 749 770 808 bovis
792 748 871 826 iugis

207 827 242 882 3⁰
260 829 436 891 Cassandra
456 831 545 890 dictis
568 831 635 890 infit
657 852 728 891 orsa
748 833 871 893 talibus,

259 916 329 975 Heu
351 917 412 976 heu
433 925 567 974 cremata
587 916 760 993 lacrymosa
779 919 893 996 patria;

257 1001 392 1060 Primum
414 1001 534 1076 quidem
555 1001 700 1062 feralibus
723 1004 870 1062 Trinoctii

259 1086 367 1148 Stlatis
390 1086 533 1164 gigantis,
555 1106 607 1145 ore
627 1106 716 1162 quern
738 1089 885 1163 quondam
902 1108 959 1148 suo

260 1171 356 1231 Consi
378 1172 497 1230 voravit
518 1190 623 1247 campa
646 1175 808 1233 manduces
831 1175 928 1247 canis,

208 1254 242 1309 35
261 1257 322 1333 Qui
344 1256 432 1316 vivus
455 1263 541 1314 ustus
561 1266 724 1316 excavator
745 1259 893 1318 viscerum

258 1341 344 1399 Intra
363 1341 474 1399 lebetis
495 1340 575 1417 ignis
597 1351 737 1418 expertes
759 1344 843 1403 focos

257 1426 371 1485 Formo
392 1444 542 1500 capronas
565 1428 685 1486 verticis
708 1429 786 1486 fudit
808 1429 888 1501 solo,

259 1510 362 1570 Prolis
385 1518 549 1588 peremtor,
564 1512 682 1588 patriae
705 1514 802 1590 pestis
825 1532 926 1572 meae:

259 1596 352 1654 Matri
376 1596 527 1655 secundae
551 1597 604 1673 qui
622 1590 738 1656 volanti
761 1599 887 1675 cuspide

209 1681 245 1735 40
261 1681 399 1740 Detersit
415 1682 500 1753 uber,
522 1682 613 1756 inque
633 1681 713 1741 Circi
733 1683 858 1760 pulvere

261 1765 509 1842 Quinquertionis
531 1769 666 1829 membra
682 1769 776 1843 patris
799 1769 923 1828 sustulit

261 1850 435 1912 Saturnium
456 1852 496 1909 ad
519 1870 673 1925 cacumen,
697 1854 748 1911 ubi
771 1863 853 1911 terra
875 1853 935 1912 sati

260 1937 404 1995 Formido
429 1954 573 2010 equorum
594 1956 701 2012 cespes
718 1939 842 1999 Ischeni
860 1946 971 1996 tumet:

261 2021 369 2081 Salsas
390 2021 543 2095 Triquetri
562 2023 613 2096 qui
633 2022 766 2082 latebras
786 2024 929 2100 aequoris

210 2107 244 2162 45
262 2107 366 2164 Torva
389 2105 579 2164 obsidentem
601 2107 820 2166 semifeminam
837 2127 948 2166 canem
1014 2108 1016 2113 ’

263 2189 386 2262 Stinxit,
407 2190 523 2267 rapinis
544 2190 747 2251 imminentem
770 2193 895 2269 piscium

225 2282 229 2289 ”
263 2275 403 2335 Gumiam
422 2277 514 2334 boum
535 2276 685 2350 leaenam,
708 2279 825 2338 adustis
848 2296 938 2353 quam
956 2286 1047 2356 pater

262 2361 418 2434 Membris,
441 2361 572 2420 lucernis
595 2364 765 2439 corporavit
784 2364 895 2440 igneis,
923 2390 927 2393 ¹

262 2449 392 2506 Mortam
412 2447 492 2505 haud
519 2455 677 2522 paventem
701 2448 783 2507 sedis
804 2449 921 2506 inferas
944 2447 1049 2507 deam:

211 2535 246 2588 50
264 2531 361 2605 Quem
381 2541 467 2590 caute
488 2533 597 2590 inermi
617 2533 724 2590 fraude
742 2533 891 2608 quondam
915 2540 1053 2593 mortuus

261 2617 413 2690 Extiuxit,
436 2619 508 2677 olim
530 2617 591 2676 iam
614 2616 748 2690 Quietali
767 2619 911 2695 agnitum.

262 2701 333 2760 Heu
353 2709 423 2760 tene
442 2722 560 2776 rursus,
581 2699 642 2761 ten'
667 2712 830 2763 crematam
850 2711 976 2762 contuor

262 2787 384 2844 Vatusti
402 2789 440 2846 ab
462 2788 554 2847 armis
575 2788 680 2859 Aeaci,
705 2797 796 2865 atque
819 2789 942 2846 Tantali

263 2871 354 2949 Rogo
378 2873 506 2949 sepultis
525 2875 606 2931 intra
629 2874 785 2931 Letrinam
809 2874 932 2933 ossibus

211 2956 245 3009 55
262 2957 345 3016 Pulli
363 2958 434 3036 igne
456 2959 648 3018 subverbusti
667 2959 707 3015 ad
723 2959 845 3034 impiam
866 2960 985 3035 dapem,

263 3042 347 3103 Telis
368 3044 489 3102 bubulci
512 3044 637 3103 Teutari
659 3043 842 3102 volucribus.
1037 3059 1040 3065 ’

262 3126 381 3187 Rivalis
402 3147 483 3188 uxor
506 3139 613 3188 cuneta
633 3130 664 3186 in
685 3146 755 3187 oras
776 3129 912 3201 luminis,

262 3212 386 3290 Legans
409 3222 595 3291 parentatum
614 3215 779 3271 minantem
801 3214 929 3289 patriae,

262 3297 417 3357 Producat
434 3298 560 3358 efferata
580 3300 686 3375 patriis
706 3298 838 3375 probris,

212 3386 247 3439 60
264 3382 410 3458 Ditisque
430 3385 545 3462 nuptiis
567 3384 720 3462 peregrini
743 3384 815 3443 tori:
838 3392 870 3441 at

264 3466 437 3528 Salubrium
461 3478 528 3528 cata
549 3470 714 3547 unguinum
734 3468 900 3531 incurabile

263 3553 382 3613 Vulnus
404 3556 504 3613 mariti
527 3554 704 3631 conspicata
727 3554 847 3631 pristini
