2560 4216
587 410 590 417 ,
645 358 796 454 ,νε-ν-

308 520 493 607 θρυλλοῦντ’
514 519 631 606 ἔρωτος
651 524 894 607 φιλοπαίγμονος
914 521 987 608 τέλη
994 544 1005 600 3

308 609 344 671 σὲ
363 610 413 671 τὸν
434 607 546 691 γόητος
568 608 733 693 ἱροφάντην
759 608 924 692 φαρμάκου
973 627 975 631 ’

307 691 419 775 ἀνέδην
443 693 606 755 καταυλεῖν
628 692 792 776 τοῖς’ἐμοῦ
813 691 921 773 ψόγοις
935 690 1041 768 πόλιν,

307 781 409 863 γραῶν
432 776 461 839 τί
480 777 540 862 χρὴ
566 778 602 839 σὲ
624 779 709 861 φῦλα
730 775 902 846 πλουτίζειν
925 777 1042 859 μάγων,

307 860 482 945 τομώτερόν
506 884 540 923 τε
559 864 662 945 κρᾶμα
686 861 804 931 τοΕιτοῦ
817 861 950 937 σπάσαι,

308 947 336 1008 εἰ
357 944 473 1030 πότμος
496 943 589 1013 αῦτδς
612 947 773 1028 όστερήσει
794 949 853 1007 τῶν
878 947 989 1020 λιτῶν;

308 1031 382 1115 τοίῳ
405 1033 554 1093 συνοικεῖν
578 1030 724 1114 δυσφιλεῖ
744 1029 867 1113 μέλλεις
890 1030 961 1114 βίῳ,
1054 1102 1057 1109 f

309 1115 382 1178 όσον
405 1113 488 1183 νέαις
504 1137 551 1176 τοι
575 1115 667 1197 δηρόν
692 1113 854 1197 αὐταρκεῖν
878 1113 973 1181 δόαις.

306 1198 402 1261 ποθεῖ
416 1198 596 1261 πεπαῦσθαι
620 1197 861 1283 μηχανορράφος
882 1198 983 1281 πατὴρ

306 1281 460 1357 Πέλοπος,
478 1284 624 1365 γλυκείας
644 1283 747 1350 δαιτὸς
767 1281 980 1367 ἐστερημένος.

306 1367 403 1430 ποθεῖ
420 1365 608 1450 Προμηθεὺς
630 1367 725 1450 αἰετῷ
743 1366 957 1450 πεπρωμένος.

308 1451 324 1513 ὁ
348 1449 501 1534 Σισυφεῦς
522 1453 575 1512 λᾶν
598 1451 641 1519 εἰς
661 1451 832 1534 ἀκρώρειαν
854 1450 951 1514 ποθεῖ

307 1534 532 1619 όπερβιβάζειν,
554 1533 621 1597 οὐδ’
649 1534 688 1618 ἐᾷ.
707 1534 824 1619 θεσμὸς
846 1534 928 1603 Διός.

305 1624 449 1703 κρημνῶν
475 1618 540 1682 τότ’
565 1617 618 1682 οόν
642 1619 784 1704 ῥοιζηδὸν
810 1616 960 1704 ὲκβράσαι
981 1617 1078 1702 δέμας
1263 1670 1264 1687 ,

307 1705 399 1781 ἑλὼν,
420 1703 482 1767 τότ’
507 1702 560 1766 οῦν
582 1703 732 1767 κνώδοντ’
758 1704 830 1788 ἐληῖν
854 1705 1116 1789 σπλαγχνιῖιν.Δίοι
1263 1716 1264 1721 ’

308 1790 404 1871 μάτην
428 1789 591 1871 προσάξεις
610 1789 743 1872 ἀρτάνας
765 1794 804 1872 τῇ
826 1794 865 1872 σῇ
888 1786 965 1872 δέρη
1159 1794 1161 1799 ’

306 1878 390 1956 ζωῆς
412 1873 516 1936 ἀλόων
537 1878 591 1954 τῆς
612 1872 805 1956 ἀποστόργου
830 1871 925 1958 κόριρ.

306 1959 403 2041 ὤμοις
424 1955 487 2019 τότ’
508 1956 633 2041 ἐχθροῖς
655 1956 766 2040 σφόδρ’
789 1956 1073 2042 ἐπεμβατεόσομοιι,

306 2041 384 2124 ἐμοῦ
407 2062 438 2101 τε
459 2039 599 2122 κόμπους
617 2045 700 2123 γαῖα-
712 2043 965 2125 προσκυνήσεται.

306 2124 356 2207 ἆρ’
379 2125 399 2207 ἢ
425 2125 597 2208 κραδαίνειν
618 2124 818 2208 κηρόπλαστα
837 2127 971 2201 δείκελα,

306 2212 349 2277 όνς
371 2208 428 2272 οὐκ
448 2207 575 2292 ἄπειρος
597 2209 689 2272 οἶσθα
710 2212 760 2272 καὶ
786 2211 882 2296 μήνην
904 2210 1003 2272 πόλου

306 2294 388 2377 δεινή
413 2315 456 2361 τις
479 2294 568 2362 ἰδίαις
592 2294 705 2363 ἐξελεῖν
729 2296 852 2380 ῥήτραις
873 2294 961 2379 ἔφυν,

223 2450 226 2457 ⁴
260 2403 263 2411 ν
305 2378 439 2460 κλαίοιμ’
463 2377 509 2455 ἀν,
533 2378 564 2441 ἐν
586 2379 634 2441 συὶ
655 2383 709 2462 τῆς
730 2381 921 2463 ἀτεκμάρτου
943 2378 1070 2464 τέχνηςς

344 2479 399 2528 Ista
407 2477 552 2528 Horatiana
570 2478 658 2528 oblata
667 2479 705 2528 M.
717 2477 780 2527 Ant.
789 2478 892 2529 Murato
907 2478 1006 2528 Romae
1020 2493 1089 2528 anno
1100 2472 1171 2528 ¹565.

388 2631 538 2709 Propertii
559 2634 667 2712 Elegia
679 2635 802 2693 XXVII
824 2634 892 2692 Lib.
906 2633 947 2691 ΙΙ.
962 2634 1049 2711 [ΙΙΙ.]

260 2710 281 2795 ,ἦ
302 2711 341 2796 ῥὰ
362 2711 450 2780 τέλος
469 2714 609 2796 ἀΐδηλον,
629 2716 804 2800 ἐφημέριοι,
825 2715 972 2782 θανάτοιο

307 2796 465 2874 σπεύδετε,
487 2799 539 2860 καὶ
562 2797 688 2882 Μοιρῶν
713 2801 848 2883 ἀτραπόν
872 2798 1024 2881 εὐμαρέα,
1127 2818 1129 2823 ’

167 2895 168 2898 ’
260 2883 312 2944 καὶ
339 2881 491 2944 Φοινίκων
513 2881 644 2967 θέσφατ’
671 2885 702 2946 ἐν
727 2884 828 2969 αἰθέρι
851 2883 1044 2990 νηγεμῖηριγ

261 3050 288 3112 ο
304 2966 738 3135 Ἦῖξθὲλέράἶοὲἷεῖἑιθθέό
758 2970 1153 3135 ἰθῖ’,ξὲῖοζέἷὲἴῖόόῖ,’

304 3135 345 3197 εἰν
370 3135 421 3197 όιλὶ
442 3139 511 3215 πᾶς,
536 3136 567 3197 ἐν
589 3142 631 3219 γη
650 3138 788 3205 κίνδυνος
810 3136 970 3220 ἀπροϊδης,

259 3217 310 3283 τόν
334 3219 368 3281 θ’
396 3220 513 3302 όμαδδν
533 3224 695 3304 κεφαλῆφι
716 3221 917 3305 ἐφιστάμενον
940 3220 1090 3303 γοάασθε,

303 3305 474 3388 συμβάλλει
496 3306 600 3387 μῶλον
625 3309 668 3374 όνς
688 3306 845 3391 ἑτεραλκέ’
863 3305 972 3388 Ἄρης,

258 3388 309 3451 καὶ
327 3394 387 3471 πῦρ
404 3388 570 3457 θεσπιδαὲς
592 3391 643 3451 καὶ
663 3396 776 3473 πτῶμα
799 3390 998 3474 δομοσφαλὲς
1019 3387 1124 3466 οἴκοις,

301 3474 352 3534 καὶ
371 3472 458 3556 πόμα
480 3477 545 3541 σοῖς
561 3470 684 3558 ένεδρον
707 3476 825 3560 χειλεσι
846 3473 1037 3558 φαρμακόεν.

260 3554 341 3619 οἶδεν
365 3556 455 3640 ἐρῶν,
478 3556 550 3620 όταν
574 3559 604 3619 οἱ
629 3558 724 3644 μόρος
748 3559 879 3642 αόοιμυς,
901 3558 924 3645 ᾗ
949 3582 982 3622 τε
1003 3557 1170 3645 πέπρωται,
