2604 4210
524 344 675 440 —as-s-

142 513 302 576 Semiieris
325 514 415 574 sociis
436 515 474 572 ad
494 515 701 591 pandicularia
721 531 808 573 sacra

141 599 225 673 Dux,
248 600 334 673 ades,
357 600 605 678 expergefaciens
629 597 803 659 vitulamina
823 599 948 673 alumni,

143 684 219 745 eum
241 685 405 743 Brumabu’
423 685 484 744 tuis
508 685 657 744 comitans
678 686 755 742 bene
776 684 834 740 rite
854 692 983 759 patrata,

142 770 230 828 Haec
253 778 397 828 nocturna
416 789 512 843 sacra,
536 770 671 829 allucens
691 768 814 828 comitia
836 778 951 842 sancta,

142 855 252 928 labile,
275 855 494 934 thyrsigerens,
519 863 606 914 coetu
629 856 757 914 florente
780 872 948 914 seresoens.

324 1025 419 1082 Divae
445 1024 563 1083 Veneria
587 1024 727 1100 Voluptas
749 1043 873 1082 carmen.
1013 1023 1053 1083 54

144 1107 320 1186 caeligena,
341 1107 480 1182 illustris,
503 1110 616 1183 ridens,
640 1118 746 1187 arguta
763 1108 927 1180 Venustus,

144 1191 331 1272 Spumigena
353 1215 371 1252 ο
390 1194 533 1271 genitrix,
554 1195 758 1271 pernoctatrix
781 1193 963 1264 veneranda,

144 1277 316 1356 (loningnla
332 1287 363 1337 et
379 1287 537 1353 nocturna,
561 1281 659 1346 etvis
682 1288 749 1338 cata
767 1286 863 1337 mater
886 1277 1016 1350 amicae;

144 1364 257 1424 Omnia
278 1383 348 1421 nam
374 1373 475 1437 exte,
496 1372 527 1422 tu
550 1364 696 1424 invexisti
714 1364 837 1423 foedera
858 1363 976 1422 mnudi:

141 1450 182 1508 Et
202 1450 291 1506 trium
313 1448 380 1506 iura
401 1458 486 1508 tenes
509 1451 683 1525 Mortarum,
703 1458 810 1508 cuncta
830 1449 978 1527 genisque

144 1534 237 1594 Omni
256 1533 364 1606 modis,
385 1534 460 1591 coeli
480 1541 510 1591 ct
532 1535 622 1592 terrai
641 1535 809 1612 frugiferai,

142 1620 183 1678 Et
205 1618 281 1677 salsi
301 1619 415 1690 mnndi,
435 1638 561 1694 praeses
583 1619 777 1679 sanctissima
797 1619 914 1689 Brumi,

145 1702 372 1763 Concelebrans
394 1703 513 1779 epulas,
537 1723 555 1762 o
574 1705 724 1780 pronuba,
747 1712 843 1762 mater
863 1720 1008 1775 amorum,

145 1788 259 1861 Suada,
280 1796 310 1845 ct
333 1788 493 1847 strativola
511 1807 633 1861 arcana,
657 1797 687 1846 et
707 1789 775 1848 sali’
796 1786 995 1859 conciliatrix,

143 1874 232 1946 Visa,
249 1872 359 1946 invisa,
383 1892 485 1933 comas
507 1872 720 1949 pulcherrima,
742 1874 873 1950 patrima
890 1871 961 1944 Dia,

147 1956 317 2033 Sponsalis‚
339 1959 474 2031 conviva,
498 1957 599 2016 Deum
621 1960 763 2031 Maiesta,
786 1959 935 2033 Luperca,

145 2042 291 2102 Prolifiea
311 2052 341 2101 et
360 2043 483 2116 Vituna,
504 2044 619 2115 virosa,
640 2043 794 2102 Lubentia
814 2050 918 2101 mater.

146 2126 289 2204 Quaeque
310 2137 409 2187 arctas
430 2129 565 2188 homines
587 2128 782 2206 compagibus
804 2128 1025 2200 illecebrarum,

145 2215 186 2273 Et
206 2232 302 2291 genus
327 2233 416 2272 omne
439 2214 624 2272 animantum
649 2222 770 2272 aeterno
792 2213 913 2271 volnere
931 2212 1059 2285 amoris3

145 2299 240 2358 Adsis
261 2299 453 2376 caprigenum
473 2314 619 2377 sanguen,
644 2300 708 2358 sive
729 2299 806 2356 atria
827 2297 912 2359 Coeli

145 2383 207 2442 Dia
225 2385 349 2459 premis,
370 2384 473 2442 ridens
492 2385 599 2461 regina
614 2385 745 2443 micante
761 2382 886 2454 labello,

147 2469 307 2527 Turiferae
328 2468 433 2529 Suriae
455 2487 510 2527 seu
529 2469 641 2529 lustras
661 2468 774 2544 templa
796 2468 896 2539 beata,

149 2553 221 2614 Sive
241 2554 274 2611 in
294 2554 476 2629 aequoribus
500 2554 598 2630 campi
623 2552 843 2630 splendentibu'
863 2551 943 2628 bigis
997 2594 999 2599 ,

147 2638 279 2715 Propter
298 2641 415 2698 habens
437 2647 565 2716 augusta
583 2639 715 2698 Melonis
736 2637 861 2694 flumina
882 2635 986 2712 opimi,

147 2724 206 2782 Vel
226 2725 252 2784 si
270 2724 423 2783 littoribus
441 2724 542 2800 pullis,
565 2743 659 2800 prope
680 2741 830 2780 marmora
851 2720 934 2797 ponti

149 2806 317 2868 Coelitunm
338 2810 452 2887 gaudes
473 2808 555 2867 Diva
578 2804 777 2887 exultantibu'
799 2806 908 2878 turbis,

148 2897 211 2953 Aut
233 2895 323 2951 etiam
344 2893 480 2952 tremulis
503 2894 588 2969 pusis
610 2895 642 2951 in
662 2893 798 2971 gemine
821 2900 920 2950 terrae

148 2979 302 3038 Littoreos
324 2977 362 3035 ad
384 2978 524 3053 pulvinos
549 2998 615 3035 cum
638 2985 783 3055 praepete
803 2996 902 3048 curru,

150 3061 222 3123 Sive
242 3064 273 3122 in
297 3061 397 3138 Capro
421 3070 515 3120 matre
539 3071 601 3136 tua,
623 3065 676 3121 ubi
696 3063 755 3121 rite
776 3062 917 3121 novellae

151 3147 196 3205 Te
221 3167 332 3223 pnerae
350 3147 507 3223 innuptae,
529 3155 560 3204 et
580 3157 704 3225 nuptae,
726 3148 862 3206 formosa
880 3142 1043 3221 quotannis

152 3230 377 3291 concelebrant
397 3232 502 3308 regina
525 3238 614 3306 atque
625 3233 788 3309 indigetem
800 3232 900 3289 Deum
911 3229 1060 3289 Adonem.

150 3317 221 3376 Huc
241 3317 325 3377 adsis
347 3335 473 3393 compos
496 3317 662 3391 spectandi,
683 3317 765 3374 Diva
782 3316 909 3392 leporis,

150 3401 232 3461 Nam
254 3422 329 3478 pura
351 3412 381 3461 te
401 3407 502 3460 mente
520 3400 597 3459 ‚colo
619 3401 820 3477 precibusque
842 3399 969 3476 pudicis.
