2560 4216
641 349 791 443 -ιιο-

264 508 318 607 ff),
350 507 389 576 Εἰ
413 512 448 576 ob
471 512 502 575 έν
525 513 606 597 αἰτία
626 512 703 591 ἐσσὶ,
722 515 751 576 τί
764 512 851 596 θύμα
869 511 960 575 θάνοι
983 518 1038 577 σεδ
1054 514 1158 598 έκητι;

348 594 460 661 Σκαιδν
475 596 507 660 ἐν
523 597 677 684 ἀλλοτρίην
689 598 813 683 θανάτιρ
825 596 892 685 βίου
905 595 1006 660 ἐλπίδ’
1024 599 1179 664 ἀνάπτειν.

264 679 306 752 lc.
347 677 422 763 Είγε
445 681 533 766 φιλον
555 682 622 745 τινά
644 705 693 745 σοι
715 687 824 766 ζητεῖς,
844 682 863 765 ἢ
887 682 992 745 πιστὸν
1016 684 1152 766 ἑταῖρον,

325 821 331 834 ,
350 763 430 850 Οὐχί
444 765 551 851 τύχην,
570 768 687 850 μᾶλλον
701 768 732 831 δ’
748 767 843 830 αὐτοῦ
857 766 922 850 βίον
932 766 1045 850 ἀνδρὸς
1056 767 1179 852 ἐρεύνα.

263 848 313 917 ΙΖ.
350 846 419 912 Τῶν
431 856 545 915 σαυτοῦ
562 852 696 915 κτεάνων
708 849 743 915 εύ
756 852 896 936 πάσχειν,
910 849 985 935 μηδ’
998 848 1054 914 ἔσο
1067 853 1178 939 κίμβιξ.

350 931 402 1002 Τίς
416 935 557 1019 προκοπὴ
571 933 731 1013 πλούτοιο,
743 931 951 1018 πενητεύυντά
966 957 1000 998 σε
1019 938 1180 1014 πλουτεῖν;

264 1016 316 1083 ΙΗ.
341 1015 400 1081 Ἢν
423 1024 524 1104 τηρεῖν
549 1018 709 1103 δθίλησθα
731 1019 782 1083 διὰ
807 1023 889 1104 ζωῆς
911 1017 1003 1089 κλέος
1025 1019 1151 1098 ἐσθλὸν,

349 1104 454 1186 Φεῦγε
473 1103 547 1167 νόου
593 1107 736 1169 υλακαῖσι
749 1106 817 1190 βίου
829 1102 1007 1189 κακόχαρτα
1020 1103 1162 1192 δέλετρα.

264 1185 315 1252 ΙΘ.
346 1186 518 1272 Ἀρτίφρων
538 1128 675 1251 τελέθων
721 1191 740 1273 ὴ
765 1189 803 1271 δὴ
823 1188 959 1274 χλεύαζε
978 1190 1013 1252 τδ
1033 1195 1141 1276 γῆρας.

348 1270 520 1357 Νηπιαχῶς
535 1273 660 1356 φρονέει
672 1216 740 1359 γάρ,
756 1274 818 1341 ὅτις
833 1272 941 1357 μέτρον
951 1271 1032 1336 ίκετο
1048 1278 1163 1382 γήρως.

264 1353 303 1420 K.
348 1354 400 1419 Te*
414 1356 506 1419 νίδιον
530 1357 558 1419 τὶ
581 1358 701 1439 μάθοις,
721 1364 776 1442 τῆς
794 1356 938 1463 εὐτυχίης
956 1357 985 1440 γ’
1007 1358 1162 1444 άπιουσης

346 1380 452 1523 Ἀιθρὶ
465 1439 560 1524 μένει,
574 1442 625 1504 καὶ
642 1446 741 1513 ζῶντα
752 1445 787 1506 τὸ
804 1463 923 1527 τεχνιυν
937 1441 994 1506 οὐκ
1005 1443 1178 1509 ἀπολείπει.

264 1520 438 1589 ΚΑ.“Αττα
461 1523 544 1607 λέγει
563 1548 611 1588 τοι
632 1527 769 1605 ἕκαστος,
793 1527 869 1589 άκ“ν
893 1528 1038 1613 βασάνιζε
1065 1534 1177 1612 σιωπῇ.

344 1608 445 1672 Ἦθεα
467 1610 524 1693 γὰρ
541 1609 685 1695 μερόπων
698 1612 804 1675 κεύθει
817 1551 919 1692 λύγος,
930 1609 984 1694 ἥδ’
994 1612 1176 1697 άπογυμνοῖ.

264 1690 331 1759 ΚΒ.
343 1694 451 1758 Ἄσκει
472 1696 525 1778 τὴν
554 1695 694 1778 μελέτην,
717 1697 747 1759 εἰ
764 1697 816 1760 καὶ
837 1695 946 1780 τέχνην
970 1696 1059 1759 έδιδά
1082 1698 1150 1781 θης.

345 1778 386 1842 Ἡ
408 1778 521 1863 μελέτη
544 1781 594 1843 τδν
619 1786 701 1857 νοῦν,
729 1783 797 1866 χεὶρ
820 1781 872 1864 τὴν
898 1779 1025 1864 ἄσκησιν
1050 1722 1156 1854 ἐθίζει.

264 1858 328 1927 ΚΓ.
348 1861 401 1945 Μὴ
421 1863 551 1948 πότμοιο
577 1866 709 1948 μερίμνα
737 1864 959 1951 ἐπερχομένοιο
983 1867 1140 1950 τελευτήν.

351 1944 395 2010 Οὐ
419 1947 544 2030 τρομέει
561 1950 615 2031 τὴν
640 1955 750 2033 μοῖραν
773 1951 789 2012 ὁ
813 1951 867 2035 τὴν
890 1949 973 2031 ζωὴν
995 1950 1159 2033 ἀθερίζων.

264 2027 329 2095 ΚΔ.
348 2030 493 2094 Μάνθαν’
518 2030 574 2095 άττ>
598 2032 772 2117 ἐμπείρων,
796 2035 832 2097 σὺ
857 2034 891 2096 δὲ
904 2034 1059 2180 δοἰπείρους
1083 2034 1177 2099 ἐσθλὰ

256 2140 260 2147 ·
874 2117 905 2180 δί
924 2141 943 2179 α
961 2141 1006 2181 ον.

347 2197 488 2264 Ἐσθλῶν
508 2199 566 2283 γὰρ
590 2202 719 2287 διδαχὴν
742 2205 786 2271 εἰς
800 2118 1175 2271 πολλοδςδεῖδιαδούναι

264 2280 329 2349 ΚΕ.
348 2283 422 2358 Πῖνε
445 2287 478 2349 τδ
503 2283 613 2369 μέτρον
637 2292 704 2366 σού,
728 2286 760 2350 εί
771 2310 821 2350 σοι
834 2288 924 2372 φιλον
937 2284 1008 2351 ἔσθ’
1022 2288 1176 2370 ὑγιαίνειν.

345 2367 386 2432 Ἡ
407 2370 465 2454 γάρ
489 2369 563 2452 ἄγαν
579 2373 719 2455 σπατάλη
734 2374 847 2456 λυγρῆς
859 2371 952 2435 νύσου
968 2370 1064 2435 αἴτιον
1089 2373 1176 2435 ἐστίν.

263 2449 322 2523 Kc.
338 2449 425 2518 Ὅττι
446 2477 504 2538 περ
526 2456 665 2539 αἰνήσαις
684 2459 884 2532 κατενώπιον,
905 2456 925 2539 ἦ
950 2457 1141 2539 δοκιμάσαις,
1270 2516 1271 2519 ,

348 2538 401 2620 Μὴ
424 2541 501 2624 τῷδ’
526 2540 685 2625 εδχερίησι
707 2540 785 2603 νύου’
800 2542 875 2604 πάλι
897 2544 1004 2623 μῶμον
1029 2541 1160 2626 άνάψης.
1223 2544 1226 2555 ’
1270 2606 1271 2613 ,

263 2620 328 2689 ΚΖ.
345 2621 511 2709 Εὐτυχέων
538 2626 571 2688 τδ
594 2626 689 2709 τύχης
711 2625 743 2693 ἐς
765 2626 900 2688 ἐναντίον
924 2624 1058 2694 άσταθὲς
1078 2625 1175 2710 ἄθρει

349 2708 534 2792 Δυστυχέων
550 2711 584 2773 δὲ
595 2712 684 2772 πάλιν
697 2711 767 2793 περὶ
776 2715 832 2773 σού
842 2715 926 2795 σχεῖν
933 2709 1036 2772 ἐλπίδ’
1048 2712 1174 2795 ἀμείνω.

263 2788 331 2875 KH.
345 2790 494 2856 Μάνθανε
508 2795 549 2877 μὴ
561 2795 674 2877 λήγων.
693 2794 853 2878 μελέτησα
883 2796 929 2879 ίην
945 2791 1021 2876 μάλ’
1038 2794 1175 2879 ὀφέλλει.
1268 2822 1270 2875 g

346 2873 463 2962 Μακρῄ
483 2878 540 2961 γὰρ
553 2878 644 2961 πείρη
658 2879 793 2948 σπανίως
810 2818 922 2964 χρένος
934 2877 1031 2962 ἄνδρα
1046 2881 1174 2965 σοφίζει

262 2959 329 3027 ΚΘ.
346 2961 432 3026 Αίνει
454 2962 656 3047 φειδομένως.
678 2963 711 3026 δν
733 2965 864 3028 πολλάκι
883 2964 940 3048 γάρ
961 2963 1154 3046 δυκιμάσαις,

340 3044 397 3111 Ἕν
420 3069 495 3111 ποτε
517 3050 575 3126 σοὶ,
596 3048 684 3116 ποιύς
704 3070 748 3115 τις
771 3046 824 3131 ἔην
839 3046 1036 3131 φιλος,ἧμαρ
1050 3048 1174 3130 ἐλέγξει.
1268 3104 1269 3135 γ

264 3132 299 3195 Λ.
346 3131 431 3217 Μήτι
441 3133 658 3217 καταισχύνοιο
677 3132 798 3215 μαθεῖν,
807 3132 841 3196 τύ
855 3156 912 3216 περ
927 3131 983 3195 οὐκ
998 3132 1174 3239 ἐδιδάχθης.

348 3215 475 3280 Αίνετύν
500 3217 564 3279 ἐστι
604 3216 724 3299 άθηαις,
737 3219 753 3281 ὁ
765 3218 797 3280 δ’
813 3218 937 3301 άγνοίης
950 3214 1021 3300 ἔρος
1037 3218 1172 3302 αἰσχρον.

263 3301 328 3367 ΛΑ.
346 3299 479 3385 Κύπριδι
500 3302 552 3364 καὶ
574 3242 691 3385 θάκχῳ
713 3300 775 3385 ἔρις
797 3302 971 3386 εὐφροσύνη
984 3324 1017 3363 τε
1035 3302 1173 3364 σύνεισιν.
1267 3370 1268 3379 γ

346 3384 504 3456 Ἀσπάζου
525 3387 559 3448 τὸ
581 3386 733 3468 προσηνὲς
756 3386 835 3466 ἐνδν,
855 3386 893 3448 τὰ
907 3387 941 3449 δὲ
955 3386 1059 3449 νείκεα
1072 3391 1173 3470 φεῦγε.
1267 3392 1268 3399 ’

264 3469 328 3539 ΛΒ.
350 3470 454 3550 Φεύγε
471 3470 696 3554 χαμαιζήλους,
717 3472 767 3533 καὶ
789 3473 922 3553 σιγηλῶν
937 3468 1026 3551 γένος
1045 3470 1172 3553 ἀνδρῶν.

348 3550 370 3639 ᾗ
394 3552 468 3636 νᾶμ’
495 3553 637 3637 εὔκηλον,
659 3557 739 3639 τάχα
757 3556 794 3639 δη
809 3554 889 3639 βαθὺ
901 3555 1065 3639 κρύπτεται
1081 3555 1171 3639 ὕδωρ.
