2586 4214
681 347 744 409 298

259 513 390 590 Opimos
412 514 513 592 gladio
540 532 648 593 greges

257 598 402 675 Impellit,
424 617 608 677 gregumque
628 601 730 660 duces.

257 682 329 740 Teo.
374 685 424 742 Me
445 684 601 744 miseram
622 704 727 745 amens
747 686 819 745 iude
838 688 910 746 inde
935 690 1015 750 foris

258 765 386 844 Captiva
403 788 495 827 manu
515 771 610 829 traxit
634 788 759 847 pascua.

255 852 377 911 Partem
402 854 434 913 in
454 854 535 912 nuda
554 855 701 934 iugulavit
725 856 834 914 huma

255 937 379 997 Partem
404 939 535 997 mediam
556 941 635 999 male
654 940 811 999 dissonuit.

255 1022 326 1083 Duo
347 1024 475 1102 lanigeri
493 1043 637 1101 proceres
658 1026 790 1101 pecoris,

255 1108 345 1166 Illum
369 1109 478 1187 capite,
502 1115 532 1166 et
551 1110 656 1189 lingua
677 1118 806 1169 truncat.

255 1193 346 1251 Hunc
367 1194 503 1253 destituit
524 1203 639 1254 rectum
660 1196 701 1253 ad
720 1195 812 1255 medii

256 1277 405 1337 Columeu
426 1279 508 1335 tecti.

254 1363 295 1420 Et
316 1362 381 1420 fera
402 1381 552 1437 quassans
574 1363 711 1435 vulnera,
733 1364 794 1423 lori

256 1445 373 1508 Saevus
395 1447 515 1505 habena
538 1448 663 1505 mulctat
682 1449 794 1523 equini.

254 1534 353 1606 Atque
376 1532 523 1610 oggannit
544 1551 607 1590 non
627 1535 710 1591 bona
731 1534 821 1606 dicta,

254 1615 328 1675 Non
348 1618 522 1676 humanitus
544 1635 582 1675 ea
600 1618 717 1677 doctus.
744 1642 749 1653 ·

564 1703 753 1779 Antiatropltc
775 1703 855 1761 XII.

255 1784 311 1844 (lh.
356 1787 421 1844 lam
443 1795 563 1864 tempus
586 1789 740 1847 obnubere
762 1795 810 1847 est
829 1806 878 1845 ca·

256 1879 334 1947 ·put,
355 1871 458 1929 timide
478 1880 508 1929 et
529 1890 659 1948 propero

253 1955 370 2032 Fugam
391 1974 500 2032 parare
518 1957 608 2015 furto.

255 2038 505 2116 curriculumque
528 2040 579 2097 citi

253 2123 339 2182 Leuc
360 2124 482 2202 remigii
503 2125 550 2182 in·

254 2209 426 2280 accudere,
448 2228 504 2267 nec
525 2227 651 2286 parcere
673 2210 754 2267 navi.

255 2292 371 2353 Teutas
392 2294 503 2367 minas,
524 2301 628 2370 totque
647 2295 785 2354 volutant

253 2377 401 2438 Procercs
423 2380 549 2438 Atridae

252 2462 366 2523 Duces.
388 2462 554 2543 Saxipetos
576 2483 646 2521 nam

251 2549 363 2625 Populi
384 2569 490 2608 vereor
543 2604 552 2616 ,

252 2635 374 2706 Manus,
394 2653 453 2692 neu
472 2653 538 2693 cum
558 2653 596 2692 eo
617 2634 648 2691 in
670 2633 759 2692 malis

253 2717 312 2777 His
335 2718 453 2777 iacente
475 2718 663 2778 condoleam.

254 2802 327 2861 Teo.
366 2803 492 2861 Minime
512 2823 595 2863 vero.
619 2821 740 2877 nanque
763 2801 879 2861 silescit

253 2887 305 2960 Ut,
326 2907 386 2947 non
407 2889 572 2948 vehemens
590 2888 641 2962 qui
663 2888 756 2960 venit,
778 2890 900 2946 Auster.

254 2971 333 3046 Quin
353 2993 431 3032 nova
451 2991 575 3050 compos
595 2972 722 3030 vulnera
741 2972 841 3031 sentit.

183 3058 235 3113 260
250 3056 332 3116 Nam
352 3077 408 3117 sua
429 3059 488 3117 sibi
509 3077 576 3117 cum
597 3059 666 3131 quis
688 3057 770 3115 mala
791 3063 918 3135 spectet,

249 3142 289 3201 lit
312 3143 411 3201 socius
433 3143 466 3201 iu
490 3144 534 3203 cis
555 3161 643 3202 nemo
663 3142 789 3214 accedit,

248 3227 296 3285 Ea
317 3227 420 3304 magui
445 3234 493 3286 est
518 3245 632 3286 caussa
653 3227 781 3286 doloris.

250 3309 306 3371 ch.
352 3311 515 3371 Hominem
535 3314 657 3371 beatum
679 3312 707 3371 si
728 3310 809 3370 mulo
830 3309 1012 3388 defungitur.

248 3397 385 3455 Absente
407 3397 512 3455 morbo
532 3416 604 3455 nam
620 3397 782 3455 remittitur
801 3404 910 3455 metus.

181 3484 232 3539 ‘too
250 3480 323 3539 Tec.
366 3480 484 3539 Harum
504 3481 639 3558 placeret
657 3488 724 3539 utra
744 3480 877 3540 conditio
896 3479 1012 3557 magis:

250 3563 326 3624 Cum
348 3585 405 3641 per
426 3573 456 3624 te
477 3567 583 3625 amicis
606 3574 654 3624 est
675 3566 765 3640 mele,
787 3582 857 3626 esee
877 3565 933 3624 tibi
949 3566 1042 3646 beue,
