2560 4216
517 344 667 440 Q—

154 554 158 561 .
406 506 601 592 Νεκροδόκον
620 512 774 594 κλιντῆρα.
979 536 996 600 γ
1010 512 1048 580 10

136 597 215 657 Dum
227 597 323 656 Philo
341 594 530 675 sandapilam
550 599 636 659 uenio
657 599 759 677 gravia
779 601 906 663 aedibus
929 604 1026 680 effert,

175 683 298 760 Exigua
315 683 419 742 solitas
442 691 475 741 ut
499 684 576 759 stipe
597 692 722 758 quaerat
745 703 835 762 opea3

135 767 251 828 Iniusta
275 768 330 828 sub
356 768 441 827 fasee
459 768 529 826 ruit.
550 768 688 845 procliva
710 770 841 829 caducae

177 855 365 912 Momentum
388 854 476 911 morti
496 870 574 911 uana
592 863 719 915 senecta
742 855 843 914 dabat.

136 937 186 1000 Sia
205 957 295 1013 quem
317 954 411 1014 saepe
437 957 533 998 senex
556 938 625 998 aliia
648 947 767 1014 portare
789 941 919 1013 uolebat,

175 1023 357 1101 Imprudens
377 1024 518 1099 capulum
538 1024 661 1083 sustulit
682 1025 751 1101 ipra
776 1025 844 1084 eibi.

390 1184 563 1271 ’Μορτάδα
584 1188 638 1269 τὴν
662 1188 768 1272 ἱεραῖς.
976 1193 1046 1275 γθῠ

134 1275 247 1334 Mortua
270 1292 358 1349 anus,
382 1292 459 1351 quaa
479 1282 526 1335 tot
546 1276 628 1349 duxi,
649 1271 720 1336 dum
739 1279 803 1337 vita
822 1281 975 1353 manabat,

113 1403 115 1407 η
175 1358 224 1418 Ad
243 1379 349 1420 sacros
370 1360 483 1418 Bacchi
503 1361 616 1437 poeula
634 1362 726 1439 plana
746 1364 845 1438 laona,

132 1442 263 1502 Pulvere
284 1465 347 1503 non
367 1446 498 1516 oond0r3
521 1446 628 1503 tumuli
649 1449 715 1519 vioe
737 1468 830 1507 suave
852 1457 994 1525 peractae

174 1529 265 1588 Vitae
285 1537 494 1608 argumentum
516 1531 663 1589 doliolum
684 1534 857 1611 impositum
880 1542 936 1593 eat.

490 1693 551 1777 Τῆς
570 1691 688 1779 πολιῆς.
975 1698 1045 1780 γ2θ

132 1784 400 1862 Lougaavaahaaa
408 1790 478 1842 sunt
486 1783 576 1842 busta
583 1785 757 1845 Marouidoe
767 1786 875 1863 :inquo
886 1784 1045 1863 sepulchro

174 1869 202 1928 E
226 1868 312 1926 silice
337 1876 384 1928 est
403 1868 491 1926 fabra
514 1869 650 1945 sculptus
676 1871 714 1928 ab
738 1878 803 1929 arte
825 1871 922 1929 calix..

131 1953 314 2012 Multibibax
334 1961 364 2011 et
387 1953 589 2030 multiloquax
612 1972 689 2015 anus
712 1957 787 2014 hato
806 1975 905 2035 nequa
927 1956 1018 2029 natis,

175 2035 237 2099 Sed
261 2054 361 2115 neque
382 2033 522 2096 natorum
542 2058 677 2117 paupere
699 2050 787 2119 patre
807 2041 909 2119 gemit.
1007 2058 1009 2067 ’

131 2121 199 2182 Hoo
220 2143 314 2182 unum
335 2132 392 2195 aut,
413 2124 495 2199 quod
516 2125 569 2183 fiet
588 2126 638 2186 vel
660 2128 750 2187 busto
764 2127 899 2199 condita3
922 2125 1044 2186 Baooho

173 2208 238 2267 vas
261 2208 363 2267 habile
383 2209 452 2281 hoo,
475 2209 588 2268 Bacchi
608 2213 689 2286 quod
712 2213 873 2285 ailinane,
899 2212 1001 2290 gamit.

408 2371 594 2457 Μαρωνὶςή
619 2376 766 2459 φίλοινος.
975 2378 1045 2458 γ20

131 2459 204 2520 Nax
226 2462 385 2536 doliorum,
406 2462 572 2520 temulenta
588 2464 638 2520 hia
660 2464 800 2522 conditur

133 2549 221 2606 Anus
242 2548 389 2606 Maronis.
414 2547 550 2623 sculptus
572 2556 622 2605 ast
641 2548 756 2606 tumulo
783 2567 883 2624 super,

131 2630 318 2708 (iunctisque
339 2632 538 2691 noscitandus
560 2633 678 2691 Atticus
699 2632 788 2690 calix.

131 2714 223 2777 Nune
240 2718 290 2776 val
311 2717 431 2794 sepulta
451 2736 510 2775 non
534 2717 600 2776 viro
620 2725 671 2775 aut
691 2719 771 2778 natis
792 2734 887 2794 aupar

131 2800 210 2875 Flet,
234 2820 311 2876 quos
332 2803 454 2877 reliquit
476 2821 575 2860 rerum
598 2820 721 2880 egenos!
736 2800 883 2863 omniumr

131 2886 213 2948 Illud
231 2888 283 2946 flet
303 2906 407 2959 unum,
428 2889 506 2964 quod
529 2886 609 2946 calix
628 2888 730 2946 inanis
753 2898 809 2946 aut.

386 3050 427 3114 ‘H
449 3049 586 3135 Βρόμιον
610 3051 769 3135 στέρξασα.
974 3054 1043 3133 γ20

131 3138 217 3214 Quae
234 3140 408 3214 Baoohum,-
422 3159 512 3217 quam
534 3161 612 3217 quae
633 3141 736 3199 nutrix
756 3140 920 3198 lactaverat
939 3141 1009 3213 Ino,

172 3224 248 3285 Plus
270 3224 386 3297 dilexit,
410 3243 486 3285 anua
506 3227 639 3302 garrula,
660 3225 884 3299 Aristomache,

129 3308 300 3386 Postquam
320 3311 462 3368 mandata
487 3319 534 3368 est
554 3312 679 3385 tumulo,
703 3319 873 3386 terramque
894 3308 1006 3369 aublvit

173 3397 295 3455 Mortua
315 3396 388 3468 iam,
413 3395 509 3453 multo
531 3395 650 3471 iamque
672 3404 799 3474 operata
818 3414 915 3455 maror

131 3478 201 3539 Huo
222 3482 336 3555 Minoa,
364 3481 417 3554 ait,
439 3481 497 3537 huo
521 3500 627 3539 urnam
650 3483 724 3540 mihi
744 3482 829 3539 defer
844 3481 978 3556 inanum,

173 3564 216 3626 Ut
237 3584 321 3625 rores
343 3567 472 3625 haustos
491 3586 530 3624 ax
552 3568 721 3626 Acheronte
742 3560 847 3625 ferani.
