2502 4218
639 316 791 410 ..¹3⁸-

255 478 336 561 Ὀιρέ
358 476 440 540 θεῶν
464 476 613 543 ἀλέθουσι
637 478 740 561 μύλοι,
762 477 912 541 ἀλέθουσι
935 478 970 542 δὲ
994 481 1096 545 λεπτά.
1131 536 1133 541 ,

259 566 344 635 Παῖς
367 584 420 646 μοι
439 563 611 645 τριτογενὴς
632 560 692 647 εἴη,
712 563 754 646 μὴ
775 561 972 646 τριτογένεια.

259 645 379 731 Πέτραν
399 646 545 709 κοιλαίνει
568 647 651 730 ῥανὶς
675 648 786 714 ὕδατος
808 647 997 732 ένδελεχείη.

260 731 442 814 Πνευσάσης
466 730 573 815 ἐτέρας
597 731 693 815 αὔρης
713 731 862 815 χαίροντα
886 732 1005 816 διαζῆν.

260 816 370 887 Πολλὰ
394 816 429 878 δὲ
449 817 662 900 μοχθήσαντες
684 815 811 879 ἐτώσιον
835 816 925 898 ἐσμὲν
950 817 1075 898 ὁμοίιος.

259 902 370 971 Πολλά
392 923 443 963 κεν
466 900 656 982 εἰδείης,,οίς
675 902 725 963 καὶ
748 901 820 963 θεὸν
843 900 1057 984 ἐξαπατήσαις.

261 985 371 1054 Πολλὰ
396 986 492 1067 μάτην
516 986 674 1067 κεράεσσιν
699 985 730 1053 ἐς
749 984 829 1069 ἠέρα
849 985 1046 1068 θυμαίνοντα.

260 1069 371 1139 Πολλὰ
394 1068 506 1151 μεταξὺ
527 1068 616 1131 πέλει
638 1069 762 1137 κύλικος
779 1070 830 1131 καὶ
849 1070 972 1153 χειλεος
992 1068 1098 1154 ἄκρου.

261 1155 401 1223 Πολλάκι
421 1155 475 1216 καί
495 1175 542 1215 τοι
565 1155 669 1236 μωρὸς
690 1154 768 1236 ἀνὴρ
791 1156 875 1236 μάλα
897 1154 1013 1236 καίριον
1037 1154 1126 1219 εἶπεν.

261 1236 388 1307 Πολλὰς
412 1238 450 1319 δη
475 1237 579 1321 φιλίας
600 1240 810 1320 ἀπροσηγορίη
836 1236 985 1300 διέλυσεν.

261 1323 381 1473 filomio}
404 1321 577 1466 μουκένται,
601 1326 716 1404 παῦροι
738 1322 772 1384 δέ
792 1344 824 1383 τε
845 1326 900 1405 γῆς
923 1323 1081 1469 ἀρυτηρες.

293 1410 367 1467 ολο

262 1491 381 1557 Πολλοὶ
403 1488 576 1574 θριοβόλοι,
602 1494 716 1574 παῦροι
739 1487 773 1552 δέ
794 1513 828 1552 τε
851 1491 971 1572 μάντιες
993 1490 1107 1575 ἀνδρες.

262 1574 382 1641 Πολλοί
400 1597 447 1636 τοι
469 1572 712 1658 ναρθηκοφόροι,
734 1580 849 1658 παῦροι
871 1576 906 1637 δέ
927 1598 960 1639 τε
982 1574 1102 1685 βάκγοι.

261 1660 394 1727 Πολλιδς
412 1664 456 1721 τῶ
477 1655 619 1741 Βρασίδα
639 1658 843 1741 Λακεδαίμων
867 1659 1019 1742 κάρρονας
1043 1683 1129 1746 ισχει.

260 1743 595 1827 Πουλυμαθημοσίνης
614 1743 908 1826 οὐδὲνκενεῶτερυν
930 1742 1019 1809 ἄλλο.

261 1826 467 1897 Πουλέποδος
485 1825 611 1913 κεφαλῇ
624 1825 669 1895 ἔνι
688 1826 743 1910 μέν
762 1830 867 1905 κακδν,
891 1826 922 1890 ἐν
937 1829 972 1891 δὲ
987 1829 1037 1892 καὶ
1052 1825 1165 1893 ἐσθλόν.
1207 1822 1211 1832 ’

260 1912 345 1995 Πρδς
368 1913 402 1975 τὸ
429 1913 527 1995 παρδν
550 1913 588 1995 δη
613 1917 700 1993 μῆτις
721 1910 843 1980 ἀέξεται
866 1912 1067 1995 ἀνθρώποισι.

261 1995 335 2064 Πῶς
354 1995 410 2079 γὰρ
434 1995 576 2077 τοιαύτης
595 1995 729 2077 δύναμαι
749 1994 855 2078 θοίνης
878 1995 1052 2081 ἀπέχεσθαι
1059 2021 1069 2075 ;

261 2080 371 2163 Σειρὴν
393 2080 448 2163 μὲν
471 2081 560 2163 φιλυν
581 2079 733 2161 ἀγγέλλει,
754 2078 850 2147 ξεῖνον
874 2082 909 2144 δέ
931 2081 1072 2187 μέλισσα.
1147 2136 1151 2145 .
1241 2062 1242 2085 Τ

261 2165 347 2229 Σῶκα
372 2161 438 2247 φιλ
464 2163 619 2248 δρνίθεσσι
643 2163 783 2247 φυτεύειν
808 2163 865 2228 οὐκ
885 2166 1040 2228 ἐθελουσι.

262 2246 323 2313 Τάν
346 2247 457 2331 ἀρετάν
476 2249 528 2312 καὶ
553 2247 606 2310 τὰν
629 2249 740 2332 σοφίαν
764 2253 876 2312 νικᾶντι
898 2253 1046 2334 χελῶναι.

262 2330 394 2417 Τετράδι
416 2338 527 2418 κοῦρος
550 2330 664 2416 ἔγεντο,
685 2334 735 2397 καὶ
759 2333 879 2397 οὔποκα
900 2335 1057 2414 πάγκακος
1080 2332 1166 2397 ἔσται.
1240 2386 1241 2405 ,

263 2414 312 2501 Τῇ
335 2418 390 2501 μὲν
415 2418 499 2501 ὕδωρ
523 2417 631 2501 φορέει
653 2418 744 2501 δυλίη
768 2419 846 2502 χερὶ,
875 2422 914 2501 τῇ
937 2417 966 2481 δ’
989 2418 1080 2503 ἑτέρη
1103 2424 1166 2503 πῦρ.

262 2499 326 2585 Τῆς
342 2508 444 2588 ψυχῆς
467 2504 575 2582 ἐστὶ[ν]
599 2503 726 2565 δουλεία
748 2505 1011 2586 γλυσσοκομεῖον.

263 2583 365 2650 Τίκτει
385 2611 432 2650 τοι
451 2587 547 2672 κοίιρη
572 2589 623 2650 καὶ
647 2587 718 2650 ὅταν
744 2589 836 2651 κακδν
858 2587 945 2669 ἀνδρὶ
966 2586 1091 2670 παρείη.

262 2665 315 2740 Τίς
335 2669 442 2755 πατέρ’
467 2672 596 2754 αἰνήσει’
620 2673 648 2734 εί
671 2673 712 2755 μὴ
735 2671 946 2754 κακοδαίμονα
965 2667 1072 2748 τέκνα;

263 2751 324 2818 Τδν
350 2757 453 2819 σικυὸν
480 2759 634 2840 τρῶγοισα
653 2756 741 2839 γύναι
762 2754 814 2818 τάν
837 2757 966 2842 χλαῖναν
991 2756 1111 2840 ὕφαινε.

262 2835 343 2907 Τοδς
367 2840 510 2908 συνετοὺς
532 2840 568 2904 σ’ίν
589 2864 632 2908 τις
658 2841 774 2903 πείσειε
795 2840 833 2903 τά
857 2863 924 2903 ιστα
945 2839 1044 2922 λέγων
1069 2838 1115 2903 εὖ.

262 2920 333 3009 Τρὶς
355 2925 384 2987 δ’
409 2924 676 3009 ἀπομαξαμένοισι
698 2924 766 2987 θεοὶ
790 2863 925 2986 διδθασιν
952 2923 1090 3007 ἄμεινον.
1238 2950 1239 3041 γ

262 3005 332 3072 Τῶν
358 3011 495 3073 δυνατῶν
515 3034 543 3072 τι
564 3008 680 3072 κέλευ’.
705 3010 742 3073 οὐ
766 3009 822 3092 γὰρ
843 3009 928 3092 πάρα
942 3005 1061 3072 Κενταί
1085 3031 1150 3073 οισι.

262 3090 332 3156 Τῶν
357 3092 424 3158 ἔσθ’
452 3094 506 3163 οὓς
526 3093 667 3162 ἐδίδαξαν
692 3094 836 3177 ἀριστερὰ
854 3094 912 3176 γροὶ
938 3116 1019 3174 ματα
1074 3098 1167 3159 σῶσαι.

257 3177 364 3262 Ὑμεῖς
384 3177 415 3241 δ’
434 3178 550 3261 Αἰγιεῖς
573 3176 644 3240 οὔτε
665 3178 769 3260 τρίτοι,
794 3177 865 3240 οὔτε
887 3118 1035 3261 τέάαρτοι.

255 3261 432 3326 (Υπνώσσει
451 3264 481 3324 δ’
502 3262 572 3326 οὐδ’
598 3260 690 3324 ὅσσον
717 3261 847 3345 ἀηδόνες
865 3261 1070 3325 ὑπνώσσουσι.

264 3346 415 3411 Φωκείιυν
438 3345 546 3431 μέχρις
568 3369 603 3408 κε
624 3345 704 3452 μένη
730 3346 824 3430 μέγας
846 3345 889 3408 εἰν
919 3345 969 3408 ἁλὶ
992 3345 1116 3429 μύδρος.

262 3429 384 3514 Χειρῶν
409 3430 598 3515 ὀλλυμένων,
622 3429 704 3513 ερρει
726 3431 896 3513 πολύμητις
913 3428 1044 3512 Ἀθήνη.

263 3512 369 3598 Χρειῶ
390 3514 480 3578 πάντ’
500 3515 631 3585 ἐδίδαξε.
652 3514 682 3577 τί
699 3515 736 3578 οὐ
754 3516 852 3601 χρειώ
875 3537 925 3579 κεν
949 3513 1090 3598 ἀνείρας

421 1428 434 1465 ν
456 1403 605 1488 Ἀρκαδίη
631 1407 847 1490 βαλανηφάγοι
867 1405 977 1490 ἀνδρες
1018 1429 1077 1471 οισι.
