2586 4214
501 356 653 452 ,²2³-

121 520 354 597 Promiseuique
372 522 480 601 volgus
502 528 629 586 armenti
651 546 757 588 avoeo.

121 606 170 663 Ibi
189 608 316 665 bucerus
340 610 494 668 sternebat
514 612 694 686 animantes,
716 613 790 671 nihil

70 762 76 767 ⁶
120 690 255 750 Pareens
277 692 389 751 furori:
412 695 502 753 modo
521 706 643 756 cruenta
660 698 800 758 credulus

120 776 214 835 Manu
234 795 343 834 neeare
367 779 487 854 gemina
508 782 631 841 Atridas
655 801 799 860 corporat

120 861 209 918 Modo
230 860 320 934 hune,
342 864 433 922 modo
454 863 541 923 illum
560 866 676 926 scilieet
699 875 833 927 mactans
852 867 968 927 ducem.

121 947 179 1004 Ast
198 964 254 1022 ego
273 946 369 1004 virum
391 948 490 1008 furore
511 959 676 1011 torrentem
697 972 775 1030 vago

121 1029 285 1108 Urgebam,
306 1032 338 1089 in
360 1032 436 1091 altos
459 1034 589 1096 induens
610 1055 714 1097 casses
736 1037 816 1096 mali.

121 1114 288 1191 Postquam
310 1117 428 1175 remisit
447 1120 495 1178 vis
520 1121 632 1181 furoris
655 1123 692 1180 de
711 1141 796 1195 neos,

120 1201 268 1258 Armenta
287 1201 356 1259 viva
379 1205 589 1279 compedarum
607 1207 735 1266 vinculis

122 1282 257 1361 Captiva,
279 1286 334 1344 sed
355 1304 420 1344 eum
442 1291 584 1367 gregibus
605 1291 726 1351 abducit
744 1293 878 1367 domum,

120 1369 272 1429 Homines
295 1378 404 1446 putans
427 1374 559 1451 abigere,
584 1396 643 1434 non
666 1378 770 1436 brutos
789 1396 912 1456 greges:

122 1454 210 1531 Quos
231 1473 312 1513 nune
331 1457 460 1533 flagellis
483 1461 591 1536 accipit
611 1462 729 1521 vinctos
751 1463 840 1521 male.

53 1576 55 1581 ,
119 1542 186 1617 Age
209 1540 324 1597 huneee
343 1542 435 1601 sodes
458 1545 589 1602 indieem
611 1547 748 1605 morbum
769 1547 834 1619 tibi,
869 1588 874 1593 -

119 1624 156 1683 In
177 1625 284 1702 volgus
305 1633 339 1682 ut
361 1645 429 1684 eum
452 1628 658 1702 differas,·ubi
677 1631 800 1690 videris.

119 1708 169 1769 Ne
191 1710 347 1783 defetisce,
370 1731 447 1770 neve
468 1714 578 1790 deputa
599 1715 631 1772 in
654 1716 733 1772 malo

120 1793 284 1853 Hominem
306 1795 417 1855 videre.
440 1796 587 1856 luminum
610 1817 735 1860 aversos
757 1818 816 1876 ego

120 1879 220 1940 Orbas
242 1881 407 1954 reflectam,
430 1901 489 1957 quo
511 1884 610 1944 minus
633 1891 663 1941 te
686 1884 803 1942 viderit.

160 1965 188 2025 0
214 1966 265 2039 qui
284 1966 428 2025 revinctis
452 1968 589 2027 manibus
613 1969 756 2028 abductas
778 1969 843 2046 agis

118 2049 286 2109 Hominum
309 2052 456 2126 catervas,
480 2054 538 2111 hue
559 2054 714 2128 adesdum,
734 2062 764 2112 te
784 2070 871 2114 vooo.

118 2135 200 2194 Aiax
220 2135 286 2206 tibi,
307 2136 440 2210 inquam,
462 2138 536 2196 dieo.
559 2139 619 2197 iam
638 2139 728 2216 prodi
748 2140 842 2198 foras.

119 2218 168 2279 Ul.
219 2220 300 2295 Quid
311 2222 388 2298 agis,
410 2223 568 2282 Minerva?
590 2243 629 2282 ne
646 2225 731 2284 foras
745 2224 901 2282 hominum
919 2240 1026 2281 evooa:

118 2304 171 2363 Mi.
214 2300 318 2364 Potin’
342 2324 375 2364 es
397 2309 518 2367 tacere?
538 2327 594 2367 nee
615 2310 671 2367 tibi
691 2315 802 2367 metum
826 2308 933 2367 obiice.
1027 2315 1061 2368 75

118 2388 169 2448 Ul.
217 2388 277 2461 Ne,
301 2391 423 2449 amabo:
447 2392 502 2452 sed
521 2395 676 2451 contineat
692 2394 775 2451 intus
798 2410 832 2450 se
854 2390 943 2449 domi.

118 2475 171 2536 Mi.
214 2474 339 2533 Frustra
358 2476 483 2535 vereris.
513 2496 572 2534 non
595 2477 641 2535 vir
661 2477 741 2534 idern
763 2484 819 2548 est,
839 2476 890 2550 qui
910 2473 1004 2550 prius.

118 2557 172 2618 Ul.
218 2560 294 2617 Mihi
316 2561 415 2619 hostis
435 2561 516 2618 idem
539 2569 586 2620 est
607 2561 687 2637 ipse,
708 2562 759 2636 qui
780 2561 863 2635 prius
884 2559 950 2617 fuit.

118 2644 171 2702 Mi.
214 2644 346 2702 Illude're
367 2646 449 2704 hosti
467 2645 556 2704 ludus
580 2653 626 2704 est
645 2645 864 2705 saevissumos.

118 2728 169 2788 Ul.
216 2729 292 2788 Mihi
315 2729 436 2806 quidem
455 2731 576 2789 isthanc
594 2729 676 2788 intus
697 2729 811 2790 includi
833 2738 882 2789 sat
902 2738 958 2789 est.
1027 2737 1062 2790 80

118 2814 171 2872 Mi.
214 2812 380 2873 Hominem
400 2815 504 2874 videre
523 2815 632 2873 mentis
654 2814 801 2892 impotem
817 2815 921 2891 fugis?

117 2897 168 2958 Ui.
215 2896 327 2957 Videre
345 2901 456 2959 mentis
477 2907 649 2977 compotem
668 2918 792 2977 compos
813 2917 930 2975 queam.

117 2984 170 3042 Mi.
214 2985 256 3042 At
274 3000 337 3043 non
357 2982 470 3043 videbit
487 2994 517 3042 te
538 2985 669 3060 quidem,
690 2985 826 3060 quamvis
845 3003 951 3061 prope.

117 3068 168 3128 Ul.
219 3067 281 3127 Cur
298 3089 372 3142 non,
398 3070 425 3128 si
436 3069 516 3127 idem
528 3070 625 3130 oculis
637 3069 740 3127 lumen
752 3075 891 3145 usurpat,
902 3068 1027 3145 potest?
1106 3086 1110 3094 ·

117 3153 171 3211 Mi.
213 3153 313 3227 Faxo,
333 3162 363 3211 te
384 3162 418 3211 nt
438 3155 534 3214 oeulis
556 3155 605 3214 vel
622 3155 728 3213 videns
751 3171 811 3212 uon
833 3153 951 3212 viderit.
1026 3156 1061 3209 85

117 3236 168 3297 Ui.
218 3240 336 3298 Mutare
358 3258 504 3316 magnum
516 3240 563 3299 fas
583 3241 729 3316 nefasque
750 3238 819 3298 Diis
839 3239 908 3297 leve
923 3244 986 3297 est.

117 3323 171 3381 Mi.
218 3323 311 3397 Taee,
331 3330 362 3382 et
381 3324 512 3399 quiesce,
535 3332 624 3400 teque
646 3325 678 3383 in
701 3325 759 3383 hoa
778 3331 859 3383 statu
880 3331 960 3381 tene.

117 3407 168 3468 Ul.
220 3406 343 3467 Certum
366 3417 413 3469 est
431 3416 543 3467 tenere.
565 3410 620 3468 sed
639 3410 718 3469 foris
741 3409 863 3467 mallem
885 3416 996 3466 tamen.

117 3493 169 3551 Mi.
214 3493 302 3553 Heus
314 3501 355 3567 te,
371 3491 495 3553 audin'?
508 3494 598 3568 Aiax,
612 3513 718 3554 rursus
731 3494 864 3572 appello.
875 3493 1025 3553 hueadas.

118 3575 181 3637 Cur
201 3597 314 3637 numen
332 3579 476 3638 auxiliare
496 3585 558 3638 tam
578 3580 664 3656 parvi
688 3579 785 3639 faris?
1026 3576 1062 3630 90
