2532 4216
629 360 779 457 -.AL

246 527 289 588 Ut
310 544 409 604 paene
429 525 528 603 ipsius
549 526 629 584 vitae
652 527 825 587 discrimine
844 528 917 600 vita,

289 612 391 687 thue
415 612 484 686 ipsa
506 620 622 670 constet
643 631 744 689 paene
769 612 868 671 salute
891 613 985 673 salus.

245 699 328 776 Ergo
352 696 506 754 diffieilem
526 706 684 770 quaestum
708 696 827 761 Natura
848 698 955 757 salutis

288 781 363 841 Non
382 781 449 839 sine
470 781 588 839 difficili
608 801 702 859 parca
723 783 827 840 labore
845 783 937 840 dedit.

246 869 305 926 Illa
326 866 514 926 salutiferum
537 867 711 925 thesaurum
733 868 930 939 hocycarcere
952 869 1061 944 sepsit,

290 952 398 1013 Curius
419 960 452 1009 ut
473 952 568 1011 scires
591 970 662 1010 esse
685 951 783 1010 salute
807 953 892 1011 nihil.

592 1039 676 1094 Idem
699 1036 818 1096 Graece.

248 1117 370 1185 Πόσσος
387 1116 495 1221 ὄχλος,
515 1116 665 1200 πόσοησιν
685 1116 884 1247 ἀρημένος
862 1121 945 1200 6666
967 1117 1101 1192 νούσοις,

289 1203 341 1265 καὶ
362 1201 532 1284 λύμαιςρ
494 1223 532 1284 χρ
536 1206 603 1283 οιῆς
626 1201 757 1270 ὄνθος
740 1201 952 1285 αμειψοίμενος

249 1289 284 1350 ἀν
295 1285 482 1391 στορέλοος
499 1287 644 1393 κνημοὺς,
673 1287 708 1348 ἀν
714 1286 971 1369 ’ἀπανθρώτοιο
994 1282 1140 1368 Πυρήνης

291 1370 395 1454 ὄκριοις
416 1369 634 1452 ἀνδρομέοις”
619 1393 731 1454 ιχνεσιν
756 1371 900 1475 6666666

247 1457 298 1519 τόν
321 1457 413 1516 ποτὸν
437 1454 622 1537 ἀλθησντα
617 1455 797 1538 μετέρχεται
820 1454 915 1537 ἀμφὶς
935 1453 966 1514 ἐν
990 1451 1101 1536 ὄχθοις

292 1536 373 1622 εἰργ’
345 1561 479 1621 γ.ομενον
503 1538 616 1601 τόσσου
639 1541 680 1623 μὴ
704 1538 820 1602 νοσέειν
844 1538 979 1641 τρίορται,

250 1626 329 1686 ὥστε
350 1624 433 1706 μάλα
447 1622 549 1726 ηρό
535 1645 568 1685 τε
591 1630 641 1730 τῷ
657 1624 770 1706 ύγιειής
787 1623 841 1706 τὴν
864 1623 977 1704 ὑγίειαν

251 1707 587 1818 ἀντιπρραρριπτεῖν,
609 1709 660 1771 τόν
683 1733 716 1771 τε
741 1709 804 1791 βίον
824 1707 883 1812 ηρό
903 1706 981 1791 6666.

248 1792 268 1877 η
290 1816 328 1878 ρ
352 1792 441 1897 φύσις
460 1793 557 1855 τάλαι
580 1795 733 1876 ἀργαλέην
757 1792 886 1895 κομιὸην
910 1790 1024 1894 βιότοιο

293 1877 464 1962 φεισαμένη
488 1878 617 1980 ηαμάτιμ
639 1879 769 1960 θῆκεν
759 1900 796 1938 επ
802 1875 967 1959 ἀργαλέ
950 1900 986 1937 ω.

250 1963 387 2063 ζωαρκὲς
409 1963 444 2022 δὲ
467 1960 543 2042 τόση
564 1961 768 2061 κειμηλιον
748 1981 889 2064 αμρεηεν
911 1960 1027 2043 εἱρκτη,

294 2044 360 2109 όττ’
383 2044 474 2107 οὐδὲν
500 2049 582 2126 ζωῆς
603 2050 703 2127 κτῆμα
726 2043 952 2127 περισσότερον.

465 2217 515 2275 47.
558 2220 641 2275 Idem
662 2218 773 2274 lambis
797 2218 937 2292 Traqicie.

292 2297 394 2365 Πόσος
414 2297 555 2361 πόσαισιν
579 2297 673 2382 ὄχλος
696 2296 916 2379 ἐμπλακεὶς’
883 2318 996 2371 νοσοις,

248 2384 351 2452 ποίαις
373 2382 477 2446 ἀλύων
497 2386 568 2464 γυῖα
592 2381 774 2466 συντρόφοις
799 2383 896 2456 δύαις,

249 2471 300 2532 καὶ
321 2470 537 2552 δυσπροσώιτιρ
560 2467 684 2552 βλέμμα
706 2468 884 2551 χαλκαίνων
906 2471 1021 2549 χροηῖ,

250 2554 301 2616 διὰ
321 2560 381 2615 τῶν
407 2553 542 2637 ἐρήμων,
563 2559 623 2615 τῶν
647 2552 850 2658 ὄοσαμβοίτων
874 2553 995 2635 βροτοῖς

249 2641 376 2722 στιρρᾶς
398 2636 541 2740 Πυρηνης
562 2637 801 2768 θηροδεγμόνων
815 2637 931 2740 τοίγιην

248 2722 375 2789 κόλποις
397 2724 563 2804 φαράγγων
589 2721 717 2807 ἐ·ε’ριροβ
719 2745 773 2783 ντιι
794 2726 853 2782 τῶν
877 2720 980 2782 πόνων

248 2808 423 2889 ἀλεξιτῗηρα,
445 2808 495 2870 τόν
525 2807 669 2891 βιοστσιγη
691 2830 749 2869 ποτ
752 2809 784 2869 ὸν

250 2895 344 2968 διξάς
361 2891 515 2997 τοσαύτης
534 2894 659 2993 προικὸς
681 2892 766 2991 αἱρεῖ
783 2889 824 2972 μὴ
842 2890 957 2963 νοσεῖν,

249 2979 313 3040 ὥστ
321 2976 566 3060 ’ἀσφαλείας
546 3000 609 3038 οιντι
631 2973 849 3047 κινδυνεύεται,

250 3063 315 3166 βίον
338 3083 371 3123 τε
395 3065 500 3144 θηρῶν
522 3066 577 3123 τοῦ
598 3061 666 3146 6666
688 3084 729 3141 μη
753 3058 842 3163 ρριδε
842 3079 900 3119 ται.

250 3146 364 3210 ἀνόσοο
386 3145 418 3207 6
441 3147 564 3229 ἀρωγῆς
585 3145 662 3227 θνκ
648 3166 678 3204 ν
703 3168 722 3224 η
746 3143 835 3245 ρύσις
855 3139 951 3224 πόρον

248 3234 299 3296 τόν
324 3230 525 3335 δυσπόριστον
552 3231 583 3292 ἐν
600 3228 724 3312 τρόποις
744 3227 931 3332 ἀμηχάνοις.

249 3321 291 3384 ὡς
314 3317 344 3378 6'
371 3314 449 3378 ἔστιν
471 3315 657 3418 εἱρκταῖςλ
621 3337 642 3374 π
655 3317 755 3380 οὗτος
776 3312 890 3393 ύγιειοις
913 3308 968 3370 ύδε

248 3406 449 3468 τοσοῦτοςν
419 3402 449 3461 ἐν
472 3399 606 3461 τύσαισιν
631 3395 918 3500 ἐγκεκλεισμένος[,]

249 3487 293 3555 ὣς
312 3486 386 3548 οὐδὲ
372 3508 402 3545 ν
427 3483 521 3564 αύτης
541 3505 648 3565 χρημα
669 3479 922 3565 τιμαλφέστερον.
