2586 4214
500 346 650 446 ffl-
711 374 713 377 ,

114 516 239 575 Efflant.
263 518 386 595 Agesis,
406 521 541 595 quisquis
562 523 675 580 amicus

116 603 199 661 Ades
220 601 270 659 hic
292 622 450 678 praesens,
473 625 616 684 propera,
640 625 745 665 curre:

115 687 261 763 Impende
282 688 348 746 viro
374 690 446 748 forti
464 691 604 750 officium.

116 777 161 830 Ac
181 791 272 830 uemo
293 773 424 848 quidem,
446 777 533 850 queis
554 778 675 852 loquor,
698 777 801 833 horum

116 858 211 917 Aiace
234 856 291 914 fuit
312 859 420 918 melior
440 862 496 919 vir.

118 940 173 1000 Ch.
219 942 317 1018 Quam
341 945 435 1003 multa
455 946 528 1006 viris
549 947 621 1004 licet
642 943 776 1022 expertis

118 1027 247 1085 Temere
270 1023 397 1088 discere.
421 1031 476 1088 sed
497 1032 675 1108 inexpertus

117 1110 293 1190 Praesagus
316 1132 404 1173 nemo
427 1116 518 1173 laturi
542 1126 597 1175 est.

295 1358 578 1439 blddl'lllllllllS
603 1358 850 1485 ttsstnntn.

118 1526 324 1602 Quaecunque
344 1530 457 1605 poscis,
477 1531 583 1589 ultima
603 1549 642 1587 ex
666 1529 784 1605 origine

116 1611 214 1671 Plane
234 1614 400 1690 expedibo:
424 1616 479 1673 sed
501 1625 602 1673 tamen
621 1614 773 1689 prolixius

116 1697 231 1756 Parcas
250 1698 400 1773 loquenti:
423 1720 485 1758 non
510 1700 588 1757 enim
608 1700 705 1774 virgo,
726 1707 760 1754 ut
781 1696 878 1773 prius,

118 1781 233 1842 Secura
254 1783 343 1842 solvit
364 1784 524 1861 multiplex
545 1801 581 1842 os
601 1783 775 1854 carminum,

119 1866 181 1928 Sed
204 1879 234 1927 et
255 1869 411 1927 tumultum
439 1868 598 1927 murmuris
621 1867 706 1926 multi
730 1868 825 1939 ciens,

119 1951 340 2029 superstitiosa
360 1954 447 2012 fauce
471 1955 618 2012 bacchata
639 1961 686 2012 est
702 1972 821 2024 sonum,

119 2038 346 2097 Tenebricosae
368 2041 462 2098 verba
484 2037 630 2117 Sphingis
650 2038 826 2096 aemulansz

118 2121 251 2196 Quorum
276 2143 390 2182 memor
407 2144 493 2184 mens
524 2143 601 2199 quae
623 2124 697 2182 mihi
718 2121 967 2198 nuncsuggerit,

117 2209 250 2267 Adverte
271 2208 353 2281 Rex,
376 2219 546 2285 putansque
565 2219 663 2267 mente
686 2209 816 2286 singula,

117 2293 268 2352 Percurre
290 2294 453 2354 dictionum
468 2294 710 2354 inobservabiles

119 2376 265 2438 Scrutaris
288 2398 440 2452 camenas,
463 2399 522 2454 qua
546 2379 690 2456 expedita
711 2379 818 2438 semita

117 2464 166 2522 Ad
184 2464 308 2541 planam
329 2465 449 2540 ineptos
471 2465 552 2521 ducit
575 2482 693 2537 errores
716 2464 804 2522 viam.

117 2549 184 2627 Ego
207 2557 239 2606 at
260 2549 373 2611 solutis
400 2568 549 2607 carcerum
572 2548 724 2624 repagulis

117 2634 287 2692 Verborum
311 2635 400 2693 obibo
422 2635 578 2692 flexuosos
598 2634 746 2706 tramites,

116 2717 310 2794 Primumque
334 2719 461 2796 pulsans
484 2718 635 2795 oppidum,
658 2727 690 2775 ut
714 2733 820 2776 cursor
843 2715 932 2772 celer.

117 2805 234 2862 Matuta
256 2804 414 2882 Fagutalis
437 2805 515 2862 arcis
538 2803 669 2860 culmina

119 2887 196 2948 (litis
219 2889 437 2966 supervolabat
459 2890 517 2948 alis
536 2888 660 2965 Pegasi,

13 3038 16 3045 ,
118 2972 248 3033 Cascam
269 2975 405 3033 maritum
429 2975 567 3050 proxime
588 2970 716 3032 Carnem
740 2973 870 3031 insulam
931 3016 935 3023 .

118 3058 203 3118 'Poro
227 3058 414 3134 relinquens,
436 3060 609 3136 bigenerum
632 3057 878 3115 fratrem'tuum:

118 3143 355 3220 Tranquillaque
378 3144 458 3203 ocris
478 3144 601 3203 concavi
621 3143 777 3202 ancoralia

116 3227 239 3287 Nautae
260 3229 396 3303 luebant,
418 3237 508 3305 atque
530 3228 653 3287 tonsilla
674 3236 777 3287 tenus:

116 3313 316 3377 Puellicidam
340 3324 370 3373 et
394 3314 599 3391 vermigradae
621 3312 771 3374 Salaciam

119 3397 227 3476 Scapis
249 3401 379 3458 ruebant
400 3420 415 3457 e
436 3399 629 3458 columbariis
651 3399 719 3458 suis

118 3484 329 3544 (liconivestcs
349 3485 481 3561 pupulae
505 3484 695 3555 Phalacriae,

117 3571 206 3631 Ultra
226 3568 380 3646 Calydnae
404 3571 594 3629 obstinentes
616 3569 778 3645 palmulas,
