2604 4210
634 364 804 461 Q,

254 537 296 596 tt
323 534 330 545 ’
385 552 388 559 ’
500 535 635 594 Latonae
653 537 792 612 aestimet,
813 554 920 595 murra.

255 621 284 682 Ο
306 622 425 680 Latona
445 619 653 699 gemellipara,
673 622 820 693 trabeata,
840 620 984 693 verenda,

253 705 349 766 Nerio
372 704 529 778 Goeantis,
553 705 679 763 multum
701 706 803 778 vetita,
825 706 996 782 modisque¹

253 791 426 870 Morigeris,
448 791 535 849 Iovio
558 799 646 865 partu
669 791 817 849 ditescere
838 790 918 849 dulei

253 876 426 936 Promerita
447 892 492 948 es,
511 874 662 934 Februum
681 876 847 951 lanamque
867 876 1125 953 sagittipotentem

253 962 478 1041 Progenarans,
501 961 580 1018 huno
600 960 633 1017 in
653 956 746 1033 Delo,
771 976 836 1019 eam
857 961 891 1019 in
911 961 1049 1038 Ortygia‘
1061 963 1131 1021 alta.

253 1048 335 1125 Ergo
356 1048 414 1105 hue
435 1046 581 1104 adventu
600 1046 756 1122 praesenti
778 1046 900 1104 numine
920 1046 992 1118 Dia,

254 1132 325 1192 Hue
345 1131 430 1203 ades,
455 1139 485 1188 et
507 1144 595 1189 sacro
615 1130 660 1189 sis
683 1130 758 1187 felix
779 1129 978 1208 pandiculari.

254 1301 296 1361 to
497 1300 631 1357 Deionae
650 1300 790 1375 suffimen,
811 1318 928 1358 monna.

254 1385 333 1457 Huc,
355 1384 414 1440 huo
430 1403 449 1441 o
470 1383 585 1460 ragina,
607 1384 691 1442 Iovis
711 1385 912 1443 celeberrima
931 1385 1026 1461 virgo,
1076 1441 1079 1445 ,

253 1469 377 1541 Libera,
395 1467 554 1545 famigera,
567 1468 697 1543 Titana,
721 1469 1002 1547 sagittipotensque,

253 1554 413 1626 Venatrix,
433 1553 550 1612 Lucina
572 1572 696 1630 parens,
716 1554 889 1627 manifesta,
909 1554 1058 1631 parunda,

253 1641 405 1699 Portubus
428 1638 560 1696 adiutrix
579 1640 717 1713 maturis,
739 1640 886 1716 partubus
907 1658 1026 1715 expers,

254 1723 373 1797 (linxia,
394 1724 561 1800 euriiugax,
583 1725 747 1801 ceritaque,
769 1725 971 1801 ventegiduoa,

252 1809 449 1887 Noutnvolga
469 1809 548 1881 Dea,
571 1810 752 1882 arcitenens,
775 1808 924 1882 venatica,
947 1808 1069 1885 pernix,

253 1894 420 1967 Verrunoa,
441 1902 471 1951 et
491 1893 678 1967 Benevento,
699 1893 905 1969 Calendaque,
918 1893 1165 1971 maseuliiormis,

252 1979 584 2051 Porrima,nummenia
594 1987 682 2053 atque
691 1980 841 2037 hominum
850 1979 1165 2054 sanctissimanutrix,

254 2063 429 2135 Summanu,
447 2066 591 2140 vagrestis,
610 2065 745 2137 ferioida,
764 2066 864 2136 beata,
887 2064 1037 2141 locuples,

254 2147 340 2221 Quae
361 2149 447 2207 lucos
467 2148 599 2221 habitas,
623 2149 805 2221 castissima,
825 2149 1033 2222 eervitrnoida,

253 2230 374 2311 Regina
395 2239 533 2310 angusta,
554 2240 584 2290 et
606 2234 694 2292 viridi
714 2234 888 2310 spectabilis
911 2253 996 2306 aevo,

254 2317 402 2392 OudoniS,
422 2319 597 2390 Vortumna,
620 2317 761 2392 (lanaria,
778 2319 932 2398 fagutalis,

253 2403 324 2462 Hue
344 2404 449 2463 venias
472 2404 529 2460 huo
547 2402 639 2477 Diva,
658 2404 719 2462 tuis
745 2412 776 2462 et
797 2405 914 2482 sospita
935 2409 965 2460 et
986 2401 1067 2459 alma

252 2488 456 2549 Praestitibus
479 2489 591 2546 ducens
613 2491 705 2546 terrai
726 2489 851 2567 pignora
873 2488 990 2546 adulta:

254 2571 401 2650 Donaque
420 2574 504 2649 pacis
527 2591 681 2646 amoenae,
702 2574 976 2650 polorieomumque
998 2572 1144 2631 salutem:

253 2658 348 2733 Inque
370 2659 450 2717 altos
468 2665 586 2717 montes
606 2658 723 2735 protela
743 2660 861 2732 funera,
879 2659 1009 2717 morbos.

249 2827 294 2887 ‘36
363 2866 369 2875 ·
507 2828 675 2886 Titanorum
695 2829 835 2904 suffitum,
859 2839 913 2886 tua.

252 2912 356 2974 Titani
374 2920 472 2970 terrae
494 2919 524 2970 et
543 2912 622 2970 ooeli
640 2910 846 2972 illustrissima
866 2912 989 2988 stirpes,

251 2997 436 3057 Nostrorum
458 2997 565 3074 proavi
583 3006 715 3087 patrum,
746 2998 826 3056 intra
847 2998 976 3056 Tartara
996 3012 1103 3072 regna,

252 3083 388 3144 Aedibus
411 3083 556 3140 horrificis
576 3091 675 3140 terrae
697 3083 844 3142 intestina
868 3083 1014 3152 colentes,

251 3167 440 3245 Principium
460 3176 616 3226 etsemen
637 3168 752 3226 eunetis
775 3167 976 3226 animantibus
995 3163 1113 3241 aegris,

251 3253 342 3312 Aeris
364 3260 394 3310 et
412 3254 503 3312 maris
523 3261 553 3310 et
575 3253 667 3310 terrai
686 3253 857 3330 frugiferai:

252 3338 302 3399 Ex
323 3337 408 3397 vobis
431 3337 581 3411 siqnidem
602 3339 767 3415 generatim
793 3346 840 3397 ost
855 3337 946 3396 omni’
969 3351 1121 3411 propago.

251 3422 314 3482 Vos
334 3438 474 3495 veneror,
494 3422 556 3480 iras
578 3438 829 3483 averruneassere
846 3423 978 3496 iniquas,

252 3504 287 3567 Si
309 3507 375 3581 quis
395 3508 434 3565 ab
452 3506 591 3565 iudufero
608 3515 711 3566 nostra
731 3508 855 3567 innubat
877 3506 951 3566 aede
973 3503 1098 3567 Senatu.
