2502 4218
462 362 612 457 ..⁹³-

119 530 220 605 Quam
240 532 326 591 dirae
345 530 465 590 titulum
484 532 591 591 mertis
612 532 723 591 habere
740 533 847 607 potes?

78 614 157 690 Quid
178 617 235 674 tibi
256 635 326 675 cum,
345 616 426 675 claro
451 626 498 676 est
520 617 615 677 indiis
638 616 817 692 Hyperione
839 620 961 679 cinctol

117 702 228 761 Redde
248 702 317 760 orbi
336 700 484 760 Dousam.
514 702 559 762 sol
580 709 650 760 erat«
664 701 718 759 ille
739 709 817 762 tuusr

78 783 140 848 Sed
163 787 236 862 quid
254 804 334 845 vana
355 787 487 862 queror?
510 787 580 845 dum
603 804 689 845 mens
713 787 810 846 evicta
828 788 936 848 dolore

117 871 224 930 Verba
242 871 314 930 iacit
336 871 436 931 surdis
459 871 628 947 diripienda
649 869 760 930 Notis?

79 955 170 1031 Quod
189 957 260 1028 fleo,
280 975 342 1014 non
363 956 508 1029 lacrimis,
528 977 591 1016 non
610 965 659 1014 est
671 958 842 1016 revocabile
863 966 982 1034 questu.

120 1041 258 1099 Iacturae
281 1048 384 1099 tantee
406 1060 463 1099 nen
488 1042 568 1118 capit
587 1042 632 1098 ira
652 1041 785 1099 modum.

77 1124 154 1185 Flos
177 1126 330 1187 homiuum
351 1144 428 1201 quae
451 1134 482 1184 te
503 1127 601 1185 nostri
621 1126 768 1185 feralibus
788 1128 855 1186 nevi

120 1211 281 1270 Infensum
304 1211 384 1271 vitiis
408 1211 494 1269 ocior
511 1231 584 1269 aura
603 1210 704 1287 rapiti

79 1293 149 1353 Nec
169 1296 223 1354 tibi
244 1296 393 1368 concessi,
416 1296 537 1355 modico
556 1315 632 1372 quos
651 1296 748 1354 limite
765 1298 842 1357 fines

123 1380 288 1458 Temporis
309 1380 431 1441 humani
452 1382 533 1439 iusta
554 1389 676 1440 senecta
698 1382 783 1458 petit.

82 1462 146 1526 Sed
165 1466 284 1524 medius
306 1466 441 1525 moriens
465 1467 544 1524 inter
563 1467 763 1541 iuvenemque
779 1486 943 1547 senemque

123 1550 189 1609 Nec
212 1550 316 1609 iuveni
337 1550 472 1627 propior,
499 1551 686 1628 posteriorve
708 1570 792 1624 sene,

82 1633 154 1695 Non
174 1643 350 1711 exspectata
371 1636 480 1694 hiemis
500 1637 631 1695 statione
652 1636 781 1708 recedis,

125 1724 278 1780 Autumno
299 1720 378 1779 vitae
398 1728 610 1797 praetereunte
632 1728 711 1779 tuae.

84 1807 132 1866 Ah
149 1825 200 1865 cur
221 1825 281 1864 non
304 1823 402 1865 annos
425 1805 548 1864 totidem
568 1804 623 1863 tibi
646 1803 755 1863 sistere
774 1821 909 1880 possum,

126 1891 213 1966 Quot·
228 1909 356 1951 rueruntv
371 1889 478 1949 merito
496 1891 597 1948 vivere
617 1889 725 1966 dignus
749 1907 833 1948 eras:

83 1976 125 2038 Ut
145 1977 253 2036 saltem
276 1976 416 2037 humanis
440 1995 502 2034 uon
524 1983 584 2034 tam
607 1976 665 2033 cito
687 1976 777 2034 rebus
801 1975 961 2055 ademptus

125 2061 252 2138 Hospes
273 2061 305 2118 in
327 2059 443 2137 Elysiis
465 2061 593 2120 vallibus
617 2061 725 2119 umbra
744 2060 851 2121 foras?

86 2143 144 2207 Sed
156 2146 236 2222 -quia
256 2145 408 2207 lanificum
430 2145 538 2224 rigidis
560 2153 642 2205 vetat
663 2145 738 2204 ordo
761 2164 895 2205 sororum

123 2229 272 2309 Legibus,
294 2238 324 2288 et
343 2230 416 2291 dura
437 2239 518 2291 stunt
538 2231 696 2289 adamante
719 2248 815 2305 serae,

87 2317 175 2394 Quod
197 2334 336 2392 possum,
358 2316 448 2375 focio:
472 2316 654 2394 singultibus
677 2333 747 2372 aera
770 2316 892 2389 nudum,

123 2405 224 2477 Atque
242 2400 417 2476 interruptis
441 2400 541 2460 sidera
560 2400 651 2477 pulso
671 2400 773 2458 sonisr

84 2485 123 2547 Ut
143 2488 172 2546 si
191 2506 256 2544 non
276 2485 357 2544 aliud
378 2490 466 2544 verso
486 2504 593 2561 querar
616 2483 724 2542 ordine
743 2501 844 2541 rerum

122 2575 205 2630 Ante
227 2570 307 2631 diem
330 2570 410 2629 vitae
432 2590 538 2647 pensa
549 2577 669 2628 resecta
690 2577 770 2640 tune,
840 2600 842 2615 ·

83 2661 182 2733 Atque
201 2673 300 2713 anuos
321 2672 527 2731 quoscumque
549 2655 605 2713 tibi
627 2661 698 2730 post
718 2661 804 2730 terga
822 2653 966 2730 relinquit

123 2741 199 2800 Non
221 2747 398 2816 exspectato
420 2742 482 2801 fine
503 2748 630 2816 peracte·
645 2739 720 2799 dies.

84 2826 276 2902 Alloquimur
299 2822 446 2902 Superos.
466 2826 588 2903 tepidae
610 2844 666 2885 sua
686 2825 778 2884 verba
799 2830 974 2899 sequuntur,

124 2912 233 2986 Inque·
246 2910 309 2970 suis
332 2910 476 2971 lacrimae
497 2911 653 2986 questibus
673 2909 856 2986 oratrigent.

84 2996 150 3056 Nec
171 2997 289 3054 flemus·
303 2996 412 3057 surdis.
433 2996 623 3072 respondent
643 2995 763 3053 fletibus
788 3011 904 3066 amnes,

125 3081 214 3155 Quos
235 3100 298 3139 non
323 3082 453 3159 exiguos
475 3088 555 3139 terra
573 3081 689 3141 Batava
708 3078 794 3150 bibit,

82 3165 202 3247 lienus,
224 3166 306 3223 etin
326 3165 404 3223 Reni
422 3167 587 3226 moriturus
609 3166 695 3223 Mosa
717 3161 844 3235 lacunis,

126 3252 167 3310 Et
187 3251 290 3328 magni
314 3250 394 3311 Reui
412 3251 512 3327 portio
532 3269 640 3329 magne
662 3247 768 3306 Vahal.

86 3336 157 3415 Ipse
177 3336 268 3393 etiam
289 3335 423 3395 lacrimis
443 3353 525 3393 nune
546 3334 743 3395 auxiliaribus
764 3338 869 3390 auctus

127 3422 269 3480 Infrenes
290 3421 373 3481 nullo
394 3420 531 3497 margine
549 3420 616 3480 fluit
636 3436 741 3494 eques,

88 3505 326 3582 Priscorumque
344 3505 440 3565 larum
461 3504 551 3565 funus
572 3504 686 3581 gentile
708 3501 869 3579 professus

129 3591 261 3651 Insolito
280 3591 363 3668 ripas
386 3590 526 3653 Dousiua
548 3608 637 3651 amne
657 3586 775 3666 premit.
