2586 4214
643 338 794 434 Lor-

193 500 245 558 445
263 505 326 568 Sed
346 507 422 565 haec
441 506 551 566 doloso
574 506 686 566 addixe
705 516 868 584 potuerunt
886 508 953 567 viro

262 590 374 652 Graeci
397 610 497 650 meam
517 591 563 648 illi
583 601 799 669 postputantes
820 592 961 670 gloriam.

261 675 350 750 Quod
368 677 401 734 ni
420 677 495 735 mihi
515 696 636 736 omnem
656 696 763 737 eversa
783 696 870 737 mens
892 679 1078 756 sapientiam

259 762 531 838 Expectorassent‚
552 769 583 828 et
607 762 725 834 oculus,
747 781 903 838 nunquam
925 763 1058 841 amplius

260 846 378 905 Iudicia
396 847 427 905 in
450 847 543 905 alium
560 846 749 907 iudicassent
768 847 850 905 talia.

193 925 246 980 450
262 932 328 991 Iam
351 932 472 1007 pervico
492 932 606 1005 animo,
628 932 704 991 Iove
727 940 804 1005 sata,
824 932 1024 1008 implacabili,

261 1018 322 1089 Me,
344 1035 412 1075 cnm
431 1017 543 1074 iamin
564 1017 633 1075 illos
656 1023 804 1075 verterem
824 1017 968 1077 infestam
990 1038 1126 1092 manum,

260 1100 423 1178 Repressit
445 1102 563 1160 obiecta
585 1102 750 1178 impotente
771 1101 903 1174 insania,

260 1187 297 1244 In
320 1187 462 1264 gregibus
484 1186 552 1246 istis
575 1194 608 1244 nt
629 1194 816 1245 cruentatam
830 1205 973 1245 manum.

261 1270 374 1329 Verum
397 1270 552 1330 cachinnis
578 1289 658 1329 nune
679 1271 754 1328 mihi
775 1270 915 1344 illudunt,
939 1273 992 1331 ubi

193 1353 245 1409 455
261 1355 380 1432 Fugere
401 1373 450 1412 me
472 1355 600 1414 nolente.
622 1374 690 1413 cum
710 1355 796 1415 Deus
817 1365 916 1428 nocet,

261 1439 318 1499 Vel
339 1440 497 1499 fortiorem
518 1441 647 1498 evadere
669 1441 781 1518 ignavo
802 1448 850 1498 est
871 1441 962 1498 facul.

262 1522 343 1596 Quid
365 1543 437 1601 ergo
459 1524 581 1598 faciam,
604 1543 693 1600 quem
716 1525 852 1584 disertim
874 1543 981 1584 omnes
1003 1523 1066 1583 Dei

264 1609 386 1670 Odere?
406 1628 495 1685 quem
516 1610 579 1668 odit
600 1610 700 1669 omnis
722 1610 871 1669 Achivtm
890 1610 1066 1669 exercitus?

261 1692 303 1752 Et
323 1694 421 1753 omnis
445 1695 509 1754 odit
531 1695 637 1767 Troia,
665 1704 695 1753 et
714 1714 805 1754 omne
826 1695 927 1753 isthuc
947 1695 1074 1754 solum?

194 1778 246 1832 460
263 1781 313 1839 An
335 1779 532 1839 domitionem
557 1799 630 1858 ergo
656 1781 704 1839 his
726 1779 841 1838 relictis
864 1781 1024 1855 portubus,

263 1863 405 1941 Solisque
427 1864 553 1938 Atridis,
572 1874 657 1924 trans
681 1872 712 1923 et
732 1866 867 1942 Aegeum
887 1865 1014 1941 parem?

263 1947 326 2009 Sed
346 1968 406 2023 qua
426 1949 509 2025 potis
533 1950 592 2008 sim
613 1950 711 2007 fronte
732 1948 932 2008 Telamonem
954 1957 1074 2027 petrem

263 2032 377 2093 Contra
402 2034 540 2092 obtueri?
563 2033 713 2109 quomodo
730 2053 779 2094 me
798 2034 973 2112 inglorium,

260 2117 379 2176 Virtute
399 2136 520 2177 caseum
543 2119 704 2177 sustinebit
725 2138 860 2192 cernere,

193 2201 245 2257 465
263 2201 397 2275 Quarum
419 2203 487 2280 ipse
506 2221 606 2261 rerum
625 2204 791 2263 honoribus
813 2204 939 2263 summis
962 2204 1064 2262 cluet?

262 2285 336 2348 Non
359 2288 403 2347 sic
424 2288 530 2361 abibit,
552 2308 624 2347 non.
647 2288 719 2363 quid
742 2288 835 2365 ergo?
858 2308 898 2346 an
918 2288 966 2345 vir
985 2289 1049 2346 viro

258 2370 453 2450 ,congressus
476 2374 515 2431 ad
537 2374 650 2432 Troum
673 2372 736 2430 alta
753 2373 981 2450 propugnacula

263 2455 354 2516 Clare
376 2465 517 2535 oppetam
534 2459 638 2536 aliquo
662 2458 798 2517 facinore
822 2458 934 2517 illustri
959 2458 1060 2517 edito?

264 2541 327 2604 Sed
346 2544 478 2602 facerem
500 2544 615 2602 Atridis
636 2563 700 2601 rem
723 2544 835 2602 bonam
854 2551 885 2601 et
901 2545 1131 2621 gratissumam

192 2630 244 2684 470
261 2626 332 2685 Non
353 2629 398 2687 sic
418 2628 522 2687 abibit.
550 2629 653 2706 aliqua
676 2628 821 2687 tentanda
844 2635 893 2686 est
912 2628 973 2701 via,

262 2712 332 2787 Qua
353 2713 414 2770 iam
437 2714 570 2772 senectis
595 2713 694 2772 obsito
719 2712 863 2771 membris
883 2714 962 2788 patri

260 2796 417 2871 Profiteor,
440 2798 522 2855 haud
541 2799 600 2856 hoc
622 2808 709 2874 patre
727 2818 776 2856 me
798 2798 941 2875 ignavum
963 2804 1073 2855 satum.

260 2881 342 2940 Nam
364 2891 451 2958 turpe
472 2883 597 2961 longum
617 2883 755 2960 postulat
777 2901 810 2942 se
834 2883 944 2955 rivere,

262 2966 319 3026 cui
344 2968 429 3027 nulla
450 2968 536 3026 detur
558 2988 577 3026 a
596 2968 686 3028 malis
705 2967 882 3042 interquies.

191 3054 243 3108 475
260 3051 341 3110 Nam
363 3052 434 3128 qnid
454 3053 547 3111 habet
564 3054 596 3110 in
617 3072 651 3111 se
671 3053 780 3129 volupe
802 3052 840 3109 de
865 3051 913 3109 die
936 3052 1002 3110 dies

260 3136 342 3195 Hinc
366 3155 561 3197 summovens
584 3138 689 3221 vitam,
716 3138 787 3195 inde
804 3145 932 3195 mortem
951 3137 1159 3213 promovens?

259 3221 357 3281 Nihili
380 3223 502 3299 quidem
523 3223 674 3280 hominem
694 3222 818 3280 fecerim
841 3240 930 3298 quem
951 3240 1024 3298 spes
1044 3220 1110 3295 alit,

260 3307 420 3383 Vitamque
441 3308 529 3366 vanis
551 3307 691 3383 speribus
711 3307 804 3365 lactat
825 3324 921 3365 suam.

262 3390 323 3453 Sed
346 3410 456 3468 nempe
477 3391 602 3469 pulchre
621 3390 722 3451 virere
745 3399 797 3450 ant
816 3391 942 3468 pulchre
958 3389 1037 3448 mori

192 3482 245 3537 480
261 3477 414 3553 Expetere
434 3477 573 3536 honestis
597 3484 627 3534 et
644 3476 718 3536 viris
739 3495 843 3536 verum
866 3483 922 3534 est
948 3483 1046 3533 tenes.

263 3559 318 3620 Oh.
360 3561 471 3622 Aliena
492 3561 572 3620 dicta
593 3561 669 3620 haec
690 3570 720 3620 te
741 3561 828 3639 loqui
849 3579 940 3619 nemo
963 3566 1100 3619 autumet
