2532 4216
619 325 783 419 4³⁴4-

294 493 449 550 Innccucs
472 510 571 551 mores
595 500 626 549 et
648 493 715 571 sine
736 492 816 564 labe,
837 499 928 549 notat.

295 660 438 721 culturae
457 670 487 719 et
508 681 627 720 morum
650 663 748 740 signa,
773 662 909 734 Melisse‚
932 663 1024 739 geris.

410 832 461 889 32.
506 833 546 888 Ia
566 829 648 888 [Atta
670 832 823 888 eorundem
843 833 1006 906 insigniam.

251 917 333 977 Lilia
353 916 560 993 Francigenae
583 915 702 973 fuerant
723 915 858 992 insignia
879 916 990 993 gentis,

295 1000 383 1061 Oelta
405 1001 454 1059 cui
478 1002 574 1058 victus
597 999 718 1059 subdita
738 999 819 1058 colla
838 1000 929 1058 dedit.

251 1086 352 1148 Nunc
365 1106 412 1158 ea,
434 1085 490 1144 sed
512 1084 637 1143 vixdum
658 1086 772 1147 veteris
794 1085 982 1163 cognominis
1006 1088 1125 1160 haeres,
1163 1104 1166 1113 ’

296 1171 450 1232 Confusus
474 1169 600 1227 Francis
621 1168 741 1227 hibrida
762 1169 870 1231 Gallus
893 1170 1002 1229 habet:

251 1259 292 1317 Et
314 1256 398 1315 nullo
421 1255 532 1333 gentis,
557 1253 640 1312 nullo
662 1253 780 1315 virtutis
801 1257 930 1328 honore,

296 1339 439 1418 cognatis
463 1338 595 1396 maculat
618 1346 778 1399 stemmata
798 1341 901 1417 prisca
921 1342 1014 1400 notis.

252 1426 385 1488 esttibi
409 1424 457 1482 vel
479 1423 593 1500 duplici
613 1431 685 1481 sunt
706 1426 810 1485 debita
832 1427 908 1496 iure,
932 1427 1070 1498 Melisse,

295 1509 385 1584 Quod
406 1510 502 1567 virtus
524 1515 555 1565 et
576 1526 652 1585 gens
675 1512 731 1582 illa
749 1512 861 1569 dedere
884 1509 948 1571 tibi.

484 1684 534 1743 33.
580 1687 618 1741 In
639 1686 800 1760 Imcgmem
820 1683 942 1740 Maliaci.

254 1764 384 1825 Caetera
403 1770 538 1827 membra
561 1769 621 1826 mei
644 1767 852 1845 spirantiaque
876 1786 931 1826 ora
950 1772 1071 1843 poetae,

296 1851 429 1910 Artificis
450 1854 550 1930 potuit
569 1855 694 1930 pingere
715 1854 805 1912 docta
826 1871 954 1923 manus;

254 1933 317 1995 Sed
336 1955 450 2009 verum,
472 1946 503 1995 et
524 1938 623 1997 vivum
645 1946 755 2008 vatem,
773 1945 934 2012 totumque
954 1935 1126 2007 Melinum,

296 2020 487 2097 Expreesum
508 2022 540 2080 in
562 2030 669 2081 nostro
691 2030 813 2097 pectore
840 2021 968 2098 sculpsit
987 2039 1083 2079 amor.

314 2189 366 2247 34.
410 2192 611 2249 Illcctriccimo
640 2192 766 2248 Domino
794 2191 920 2248 Heca-ico
949 2191 1106 2261 Borboaia

539 2275 722 2334 Dcmberum
743 2275 884 2351 Principi.

257 2358 284 2417 Ο
308 2377 397 2432 quem
418 2368 448 2418 te
471 2360 580 2432 dicam,
605 2360 743 2435 quoniam
767 2361 919 2419 natalibus
943 2360 1037 2418 audes

297 2443 398 2504 Altius
420 2445 539 2504 eximiis
563 2445 723 2507 exaruisse
743 2454 843 2523 caput.

256 2527 304 2585 Tu
328 2548 424 2605 genus
448 2530 586 2589 Heroum
610 2531 718 2590 studiis
737 2539 827 2606 atque
852 2531 968 2589 artibus
992 2530 1066 2588 olim

298 2614 427 2673 Missum
448 2634 504 2691 per
525 2616 627 2693 Reges
652 2625 780 2675 stemma
801 2616 895 2675 tueris
915 2633 1001 2674 avos.

255 2699 297 2758 At
318 2699 426 2772 quibus
447 2699 593 2761 illustreis
620 2709 703 2760 ortus
727 2709 834 2759 natura
855 2700 987 2778 negavit,

298 2782 358 2842 His
378 2785 472 2843 virtus
494 2785 591 2845 instar
610 2786 774 2846 nobilitatis
797 2787 862 2843 erit.

255 2867 296 2925 Et
316 2867 388 2926 licet
410 2870 449 2926 ad
467 2869 586 2928 laudem
611 2872 709 2930 cuncti
734 2889 910 2949 grassemur
930 2870 1060 2928 honesto

299 2951 450 3028 Consili0,
472 2975 589 3016 merces
611 2966 793 3015 nontamen
816 2975 912 3031 aequa
932 2960 1044 3012 manet.

256 3036 339 3095 Nam
363 3040 458 3099 virtus
482 3041 561 3100 elios
584 3042 723 3100 homines
746 3040 901 3100 Heroibua
923 3046 1042 3114 aequat,

298 3123 436 3183 Heroum
458 3135 547 3187 natos
568 3127 624 3185 sed
643 3127 727 3184 iubet
746 3144 817 3184 esse
840 3126 937 3184 Deos.

612 3296 662 3354 35.
708 3296 823 3353 Eidem.

198 3397 205 3405 ·
256 3377 442 3438 Francorum
465 3381 538 3437 nulli
562 3379 680 3456 Regum
702 3381 815 3456 pietate
837 3377 1000 3438 secundum

276 3464 280 3481 '
301 3463 401 3523 Trans
424 3466 520 3523 maria
542 3465 643 3522 evexit
662 3465 827 3542 relligionis
851 3483 946 3521 amor.

258 3546 316 3606 Ille
333 3549 507 3624 triumphati
530 3550 635 3626 spoliis
659 3551 793 3610 Orientis
817 3556 955 3621 onustus,
