2586 4214
588 318 591 325 ’
649 363 800 458 mu.

266 531 364 606 Quam
385 531 637 609 opulentitatem?
657 552 778 609 nanque
800 551 858 610 ege
878 531 910 588 in
934 538 964 589 te
986 537 1050 589 tota
1071 550 1147 592 sum.

197 614 250 670 52⁰
267 616 316 679 Sit
333 624 363 674 et
382 617 456 674 mihi
475 626 633 694 respectus
657 618 777 694 aliquis.
802 634 871 675 nam
892 617 992 675 bones

265 704 418 761 Memores
440 703 641 779 priorieesse
662 703 815 762 benefacti
834 701 976 759 addecet:
1038 724 1040 733 ⁴

265 788 306 846 Et
325 788 425 866 gratia
443 786 508 853 alia
525 788 654 865 gratiam
673 807 795 866 semper
816 787 904 864 parit

267 871 301 934 Si
325 890 413 948 quem
436 872 576 930 beneficii
597 874 733 950 ceperint
755 873 881 946 oblivia,

266 956 340 1017 Non
362 965 410 1017 est
429 957 511 1032 quod
529 956 583 1015 ille
603 958 689 1017 fortis
710 966 763 1016 aut
783 959 880 1016 benus
901 955 976 1013 fuat.

196 1040 247 1095 5⁹5
266 1041 321 1102 Oh.
364 1041 498 1115 Utinam,
520 1043 565 1103 tui
583 1050 616 1100 ut
638 1060 686 1101 me
707 1043 843 1115 miseret,
864 1041 956 1113 Aiax,
973 1047 1004 1097 te
1026 1056 1148 1116 queque

264 1128 439 1187 Misereret:
459 1127 549 1186 huius
572 1128 666 1186 verba
687 1128 840 1200 laudares,
865 1126 940 1186 seio.

260 1213 313 1274 ui.
357 1212 451 1289 Atqui
471 1211 527 1270 illa
546 1213 633 1271 nobis
655 1212 771 1272 affatim
788 1211 970 1281 laudabitur,

264 1297 299 1358 si
322 1305 444 1357 strenue
464 1297 545 1356 ausit
565 1304 672 1355 nostra
691 1299 836 1357 mandata
857 1295 976 1370 exequi.

264 1380 337 1441 Tec.
358 1381 491 1454 Parebo‚
512 1381 554 1438 mi
574 1382 670 1441 Aiax:
696 1392 804 1442 cuncta
823 1380 997 1459 properabo
1019 1376 1141 1454 exequi.

194 1470 248 1526 530
264 1467 313 1526 Ai.
356 1469 489 1527 Arcesse
512 1485 639 1543 puerum
659 1487 740 1526 nnnc
758 1468 843 1541 mihi,
863 1476 897 1525 ut
918 1464 1050 1535 videam,
1071 1480 1177 1520 meum.

265 1551 338 1610 Tec.
359 1551 453 1626 Atqui
475 1551 560 1610 foras
583 1552 759 1626 eduxeram,
784 1562 922 1611 metuens
947 1550 985 1608 ei.

262 1637 312 1696 Αἰ.
355 1636 437 1695 Dum
460 1637 636 1705 fluctuarem
655 1638 687 1696 in
710 1639 758 1698 his
780 1639 869 1697 malis
892 1655 957 1713 ego,
980 1639 1033 1691 eut
1054 1631 1130 1691 ubil

264 1722 337 1780 Tec.
358 1721 408 1781 Ne
431 1721 548 1781 scilicet
567 1722 680 1799 periret
701 1741 827 1782 occursu
849 1730 912 1780 tuo.

262 1807 312 1867 Αἰ.
357 1806 427 1867 Η55
449 1806 522 1865 defit
541 1827 632 1866 unum
654 1826 764 1886 nempe
784 1809 922 1866 fortunae
943 1822 1042 1863 meae.

194 1895 247 1951 535
264 1892 337 1952 Τ85.
358 1893 426 1970 Ego
446 1892 613 1950 vindicavi:
635 1894 717 1967 qnod
734 1894 855 1969 quidem
878 1888 1040 1951 suffecerit.

262 1977 312 2037 Αἰ.
355 1977 396 2036 Et
417 1976 509 2035 laude
528 1976 652 2050 factum,
675 1987 705 2035 et
729 1977 946 2054 perspicaciam
968 1983 1061 2033 tuam.

263 2061 336 2120 Tec.
358 2060 420 2122 Sed
441 2060 514 2136 quid
532 2061 636 2120 iuvare
658 2070 688 2120 te
710 2081 818 2137 queam
838 2063 897 2121 hoc
917 2062 997 2118 facto
1018 2059 1113 2119 meo?

261 2146 311 2204 Ai.
354 2145 397 2205 Ut
417 2145 529 2221 alloqui
550 2147 681 2222 possim,
706 2157 798 2225 utque
819 2144 1033 2224 conspicarier.

262 2230 335 2290 Teo.
354 2229 525 2290 Famularis
548 2230 636 2289 illum
657 2241 796 2292 asservat
817 2233 866 2291 hic
888 2230 1036 2289 custodia,

193 2320 246 2374 540
262 2316 311 2377 Ai.
356 2314 516 2391 Sed'quae
538 2335 625 2374 mora
646 2318 712 2377 eius
731 2317 849 2377 distulit
866 2313 1095 2393 praesentiam?

262 2401 335 2461 Teo.
357 2401 443 2460 Heus
464 2418 551 2477 puer,
574 2402 733 2462 adesdnmt
753 2412 783 2460 te
806 2411 894 2479 peter
914 2407 1015 2460 vocat:
1037 2398 1120 2457 veni.

261 2485 341 2559 Huc,
364 2486 419 2559 sis,
443 2505 500 2564 age
521 2485 607 2544 illum
630 2489 767 2564 quisquis
789 2507 829 2546 ex
851 2486 973 2545 famulis
996 2484 1091 2561 regis.

260 2572 310 2631 Αἰ.
354 2571 486 2630 Venitne
506 2572 621 2645 iussus,
642 2591 722 2632 anne
742 2574 828 2633 iussa
848 2570 995 2650 negligit?

262 2655 335 2714 Tec.
354 2655 498 2715 Producit
516 2656 603 2715 illum
626 2657 759 2717 famulus
780 2659 838 2716 huc
860 2677 899 2716 ex
918 2651 1093 2734 proxume.'

192 2740 244 2795 515
260 2741 310 2801 Ai.
354 2743 431 2818 Age,
453 2741 512 2798 hnc
533 2760 590 2819 age
610 2743 711 2801 illum:
733 2764 792 2802 non
816 2743 896 2801 enim
917 2740 1128 2799 externabitur

261 2824 380 2903 Stragis
402 2833 539 2884 recentes
563 2827 618 2886 hos
641 2846 764 2888 acervos
783 2829 916 2900 intuens,

261 2909 294 2972 si
314 2911 434 2986 quidem
455 2911 508 2969 ille
529 2931 599 2970 vero
620 2920 705 2987 patre
723 2933 771 2971 me
792 2920 877 2971 satae
895 2913 969 2970 fuat.

261 2994 325 3056 Sed
345 3015 412 3053 eum
433 2998 570 3073 paternis
594 2997 744 3057 institutis
764 2999 884 3075 asperis

260 3079 409 3140 Domitari
432 3089 563 3156 oportet:
586 3090 676 3157 atque
698 3102 799 3141 mores
823 3081 941 3157 exequi.

191 3164 288 3226 5500
310 3172 411 3243 gnate,
435 3165 558 3225 femena
578 3174 645 3226 esto
668 3167 825 3227 dissimilis
846 3167 937 3245 patri,

260 3253 320 3311 Aet
337 3250 398 3308 alia
420 3250 527 3311 similis
550 3252 667 3311 omnia:
689 3254 732 3310 ita
751 3253 850 3312 malus
871 3251 951 3310 haud
967 3250 1048 3308 fuas.

252 3334 437 3411 'Quanquam
455 3336 575 3394 unicum
598 3337 680 3396 istud
700 3339 758 3397 555
781 3339 895 3397 bonum
914 3335 1038 3394 invideo
1062 3335 1130 3409 tibi,

235 3419 349 3495 ,Quod
369 3420 431 3479 ista
447 3421 580 3479 nondum
600 3423 731 3499 percipis
755 3442 850 3483 sensu
868 3422 957 3480 mala.

258 3503 313 3562 Nil
336 3523 443 3580 sapere
466 3506 578 3583 quippe
603 3506 664 3564 vita
684 3508 910 3567 iucundissuma
933 3512 997 3565 eet:

258 3587 314 3647 Nil
334 3607 442 3664 sapere
463 3609 600 3665 prorsus,
623 3600 670 3652 eet
689 3594 801 3669 malum
821 3611 929 3652 carens
948 3588 1042 3662 male,

1270 3140 1272 3227 l

1268 3274 1271 3341 l
