2586 4214
635 335 787 433 —di—d-

186 505 238 560 8⁰0
256 505 330 564 Tac.
379 504 471 564 Perii.
496 505 566 581 quis
583 504 631 563 illi
652 505 728 564 haec
745 505 860 564 indicat
877 505 1076 567 monalium?

254 589 354 649 Nunc.
378 589 527 648 Thestore
546 598 665 651 creatus
687 599 756 649 vate
778 599 876 663 vates,
898 590 1042 664 hoodie,

256 676 325 752 Quo
347 683 429 734 certa
453 674 511 733 velo
524 675 553 732 ei
572 676 644 749 vita,
668 676 818 736 velmors
840 675 965 752 expetit».

255 760 326 819 Tec.
375 759 446 820 Heu
467 778 583 833 casum,
604 761 704 834 amici,
723 761 899 838 praevenite
918 762 1105 839 praecipem.

254 846 332 906 Pars
352 845 404 919 ite,
426 845 577 904 Teucrum
596 854 760 905 convocate
783 847 841 904 hnc
862 864 966 921 ocyus.

185 930 236 988 805
253 931 332 990 Pars
355 931 542 1004 Occidentis,
564 950 637 1008 pars
660 940 691 989 et
711 931 847 992 Orientis
868 931 989 1008 plagam

252 1017 408 1090 Lustrate‚
429 1035 489 1092 quo
513 1034 547 1075 se
566 1035 682 1092 cunque
702 1016 854 1093 proripuit
874 1015 963 1075 maie.
1075 1050 1080 1062 ·

141 1134 144 1139 ¹
253 1102 319 1160 Iam
343 1102 442 1160 sentio
464 1101 535 1160 olim
556 1120 605 1160 ms
624 1121 643 1160 a
663 1102 729 1161 viro
751 1101 887 1160 deliniet.

253 1186 377 1265 Ingrata
396 1187 457 1244 iam
481 1194 561 1259 suut,
580 1206 660 1264 qnae
681 1186 812 1264 benigne
834 1185 971 1245 fecimus.

254 1271 335 1344 Heu,
354 1278 456 1349 gnate,
478 1271 549 1346 quid
572 1262 681 1350 agam?
703 1291 764 1331 non
787 1272 868 1330 enim
888 1289 989 1329 morae
1010 1270 1110 1330 locus.

185 1354 379 1415 succentum
401 1365 449 1414 est
470 1365 500 1413 et
520 1358 565 1414 ire
587 1376 647 1432 qna
666 1365 750 1433 pote,
779 1366 809 1415 et
829 1363 975 1432 quantum
999 1364 1085 1433 pote.

252 1442 379 1513 Eamus,
403 1440 609 1519 accingamur:
638 1442 720 1500 haud
741 1450 863 1501 cessato
885 1460 975 1518 opus,

254 1524 383 1586 Servare
406 1526 547 1586 volumus
572 1527 598 1585 si
620 1527 717 1584 virum
739 1535 852 1585 certum
873 1526 957 1584 mori.

253 1609 308 1670 Ch.
352 1610 484 1671 Paratus
504 1613 549 1669 ire
572 1631 628 1670 nec
651 1612 773 1688 quidem
790 1619 907 1670 tanturm
929 1629 983 1670 ore
1003 1630 1083 1685 sum,

253 1695 315 1758 Sed
337 1697 438 1773 operis
461 1697 569 1770 aderit,
588 1706 619 1755 et
637 1697 748 1773 pedum
769 1697 971 1774 properantia,

578 1866 843 1934 senatumne.

184 1961 235 2016 815
252 1950 301 2010 Αἰ.
347 1947 414 2009 Stat
436 1950 532 2009 culter
553 1951 608 2009 illa
628 1961 726 2029 parte,
751 1972 829 2029 quae
852 1952 893 2012 sit
910 1968 1052 2009 maxume

254 2037 362 2106 Acuta,
384 2035 411 2093 si
433 2036 481 2092 cui
503 2036 672 2112 experirier
692 2045 789 2096 vacat.

253 2121 364 2178 Munus
387 2119 507 2193 quidem
523 2120 577 2178 ille
599 2122 672 2180 olim
695 2122 838 2182 Hectoris
858 2121 955 2179 vinim
978 2119 1116 2179 omnium

252 2204 293 2262 Et
312 2202 445 2261 omnium
471 2203 545 2262 mihi
566 2207 721 2284 hospitum
743 2206 943 2267 invisissumi.
1042 2250 1047 2255 .

252 2289 289 2346 In
310 2288 432 2347 Troade
455 2297 555 2347 autern
576 2301 683 2369 pactus
706 2302 754 2352 est
777 2301 859 2350 terra
878 2290 1012 2351 hostica:

184 2388 236 2443 sno
254 2372 311 2433 Cui
332 2375 410 2433 bene
432 2383 556 2433 cruenta
578 2385 647 2436 cote
665 2396 791 2436 acumen
812 2376 961 2435 redditum
983 2380 1046 2433 este

138 2458 141 2461 ’
252 2459 322 2518 Fixi
340 2460 421 2518 bene
437 2459 535 2534 illum,
554 2470 585 2520 et
603 2463 751 2540 apparari
770 2461 886 2521 sedulo.

253 2544 311 2602 Vel
332 2554 366 2602 ut
386 2546 553 2622 properiter
572 2568 631 2606 non
652 2549 726 2607 mihi
745 2547 879 2606 inrideat
902 2545 992 2618 mori,

252 2629 384 2689 Provisa
406 2631 492 2689 nobis
515 2632 577 2691 ista
597 2642 669 2692 sunt
689 2635 721 2691 in
741 2632 887 2691 caeteris:

253 2713 303 2772 Tu
324 2714 451 2790 primus,
474 2723 505 2773 ct
523 2717 584 2790 fas,
607 2719 715 2777 adiuva
737 2737 797 2791 me,
819 2715 963 2793 Iuppiter.

183 2809 235 2864 825
252 2798 313 2858 Fac
334 2799 538 2875 impetrassim
559 2821 667 2862 munus
692 2804 751 2862 hoc
773 2823 792 2861 a
813 2811 845 2860 te
866 2802 968 2860 breve.

251 2884 374 2943 Existet
394 2885 503 2960 aliquis
524 2889 671 2947 nuncius:
695 2887 838 2965 quicquid
859 2885 932 2945 mali
955 2892 1003 2946 est
1043 2920 1046 2929 .

252 2969 370 3029 Teucro
389 2971 562 3046 eloquatur:
582 2982 716 3046 moneat,
736 2983 770 3032 ut
791 2991 838 3030 me
858 2970 971 3031 isthinc
991 2970 1085 3029 humo

253 3053 352 3131 Super
370 3063 491 3114 cruento
511 3059 570 3117 hoc
592 3078 666 3118 ense
689 3059 866 3134 prociduum
886 3055 1002 3114 efferat.

251 3137 301 3208 Ne
325 3140 533 3216 deprehensus
556 3143 605 3202 hic
626 3146 664 3203 ab
686 3144 817 3202 inimicis
842 3142 926 3218 prius

93 3252 95 3255 ·
181 3238 234 3294 830
250 3224 407 3298 Proiiciar,
431 3235 460 3284 et
481 3229 596 3305 praeda
619 3230 726 3289 avibus
742 3236 779 3299 ¹et
802 3227 928 3286 canibus
952 3224 1044 3282 fuum

251 3308 338 3368 Haec
361 3319 477 3385 sancte,
502 3332 653 3372 venerans
675 3322 704 3371 te
724 3333 810 3391 rogo:
833 3323 924 3388 atquc
936 3309 1017 3367 idem
1031 3308 1169 3380 obsecro,

251 3394 395 3472 Deponat
415 3404 448 3454 ut
467 3398 568 3473 quiete
588 3417 637 3456 me
658 3398 887 3474 placidissuma‚

249 3479 420 3556 Postquam
443 3499 517 3542 ense
535 3484 668 3560 primum
687 3484 742 3542 hoc
760 3478 1001 3559 transadegerim
1021 3476 1117 3550 latus,

250 3564 352 3624 Primo
374 3567 487 3642 pedatu
508 3569 617 3627 dextra
638 3569 779 3627 Mercurii
798 3568 898 3626 inferi.
