<?xml version="1.0" encoding="UTF-8"?>
<!DOCTYPE html PUBLIC "-//W3C//DTD XHTML 1.0 Transitional//EN"
    "http://www.w3.org/TR/xhtml1/DTD/xhtml1-transitional.dtd">
<html xmlns="http://www.w3.org/1999/xhtml" xml:lang="en" lang="en">
 <head>
  <title>
</title>
<meta http-equiv="Content-Type" content="text/html;charset=utf-8" />
  <meta name='ocr-system' content='tesseract 3.04.00' />
  <meta name='ocr-capabilities' content='ocr_page ocr_carea ocr_par ocr_line ocrx_word'/>
</head>
<body>
  <div class='ocr_page' id='page_1' title='image "./iosephiscaliger01scalgoog_0320.png"; bbox 0 0 2586 4214; ppageno 0'>
   <div class='ocr_carea' id='block_1_1' title="bbox 507 354 659 449">
    <p class='ocr_par' dir='ltr' id='par_1_1' title="bbox 507 354 659 449">
     <span class='ocr_line' id='line_1_1' title="bbox 507 354 659 449; baseline 0 -37"><span class='ocrx_word' id='word_1_1' title='bbox 507 354 659 449; x_wconf 53' lang='lat' dir='ltr'>„ffi-</span> 
     </span>
    </p>
   </div>
   <div class='ocr_carea' id='block_1_2' title="bbox 71 521 1094 3648">
    <p class='ocr_par' dir='ltr' id='par_1_2' title="bbox 125 521 793 601">
     <span class='ocr_line' id='line_1_2' title="bbox 125 521 793 601; baseline 0.003 -20"><span class='ocrx_word' id='word_1_2' title='bbox 125 521 246 581; x_wconf 90' lang='lat' dir='ltr'>Deiude</span> <span class='ocrx_word' id='word_1_3' title='bbox 270 522 540 600; x_wconf 79' lang='lat' dir='ltr'>semper-virgines</span> <span class='ocrx_word' id='word_1_4' title='bbox 563 543 655 601; x_wconf 85' lang='lat' dir='ltr'>prece</span> <span class='ocrx_word' id='word_1_5' title='bbox 671 524 793 597; x_wconf 88' lang='lat' dir='ltr'>invoco,</span> 
     </span>
    </p>

    <p class='ocr_par' dir='ltr' id='par_1_3' title="bbox 127 607 813 684">
     <span class='ocr_line' id='line_1_3' title="bbox 127 607 813 684; baseline 0.004 -19"><span class='ocrx_word' id='word_1_6' title='bbox 127 607 215 684; x_wconf 81' lang='lat' dir='ltr'>Quae</span> <span class='ocrx_word' id='word_1_7' title='bbox 235 626 357 684; x_wconf 81' lang='lat' dir='ltr'>semper</span> <span class='ocrx_word' id='word_1_8' title='bbox 376 607 532 666; x_wconf 78' lang='lat' dir='ltr'>intuentur</span> <span class='ocrx_word' id='word_1_9' title='bbox 550 610 696 668; x_wconf 86' lang='lat' dir='ltr'>humanas</span> <span class='ocrx_word' id='word_1_10' title='bbox 719 609 813 681; x_wconf 86' lang='lat' dir='ltr'>vices,</span> 
     </span>
    </p>

    <p class='ocr_par' dir='ltr' id='par_1_4' title="bbox 127 690 867 770">
     <span class='ocr_line' id='line_1_4' title="bbox 127 690 867 770; baseline -0.001 -17"><span class='ocrx_word' id='word_1_11' title='bbox 127 690 256 753; x_wconf 75' lang='lat' dir='ltr'><strong>Sanctae</strong></span> <span class='ocrx_word' id='word_1_12' title='bbox 277 691 411 751; x_wconf 76' lang='lat' dir='ltr'>Deorum</span> <span class='ocrx_word' id='word_1_13' title='bbox 431 702 591 770; x_wconf 79' lang='lat' dir='ltr'>praepetes</span> <span class='ocrx_word' id='word_1_14' title='bbox 610 695 733 753; x_wconf 86' lang='lat' dir='ltr'>Furias:</span> <span class='ocrx_word' id='word_1_15' title='bbox 757 694 867 767; x_wconf 87' lang='lat' dir='ltr'>sciant,</span> 
     </span>
    </p>

    <p class='ocr_par' dir='ltr' id='par_1_5' title="bbox 125 776 825 858">
     <span class='ocr_line' id='line_1_5' title="bbox 125 776 825 858; baseline -0.001 -20"><span class='ocrx_word' id='word_1_16' title='bbox 125 776 179 838; x_wconf 91' lang='lat' dir='ltr'>Uti</span> <span class='ocrx_word' id='word_1_17' title='bbox 199 795 251 835; x_wconf 85' lang='lat' dir='ltr'>me</span> <span class='ocrx_word' id='word_1_18' title='bbox 268 776 395 837; x_wconf 79' lang='lat' dir='ltr'>Atridae</span> <span class='ocrx_word' id='word_1_19' title='bbox 414 777 569 855; x_wconf 81' lang='lat' dir='ltr'>principes</span> <span class='ocrx_word' id='word_1_20' title='bbox 594 780 719 858; x_wconf 82' lang='lat' dir='ltr'>adigunt</span> <span class='ocrx_word' id='word_1_21' title='bbox 737 781 825 838; x_wconf 91' lang='lat' dir='ltr'>mori.</span> 
     </span>
    </p>

    <p class='ocr_par' dir='ltr' id='par_1_6' title="bbox 125 862 824 938">
     <span class='ocr_line' id='line_1_6' title="bbox 125 862 824 938; baseline 0 -16"><span class='ocrx_word' id='word_1_22' title='bbox 125 863 251 938; x_wconf 79' lang='lat' dir='ltr'>anque</span> <span class='ocrx_word' id='word_1_23' title='bbox 272 863 304 921; x_wconf 90' lang='lat' dir='ltr'>in</span> <span class='ocrx_word' id='word_1_24' title='bbox 324 862 449 920; x_wconf 84' lang='lat' dir='ltr'>exitium</span> <span class='ocrx_word' id='word_1_25' title='bbox 470 863 607 922; x_wconf 91' lang='lat' dir='ltr'>ultimum</span> <span class='ocrx_word' id='word_1_26' title='bbox 625 864 723 923; x_wconf 87' lang='lat' dir='ltr'>malos</span> <span class='ocrx_word' id='word_1_27' title='bbox 745 865 824 922; x_wconf 90' lang='lat' dir='ltr'>male</span> 
     </span>
    </p>

    <p class='ocr_par' dir='ltr' id='par_1_7' title="bbox 125 948 826 1025">
     <span class='ocr_line' id='line_1_7' title="bbox 125 948 826 1025; baseline 0.003 -19"><span class='ocrx_word' id='word_1_28' title='bbox 125 948 270 1025; x_wconf 85' lang='lat' dir='ltr'>Rapiant.</span> <span class='ocrx_word' id='word_1_29' title='bbox 293 955 333 1020; x_wconf 90' lang='lat' dir='ltr'>et,</span> <span class='ocrx_word' id='word_1_30' title='bbox 354 956 388 1005; x_wconf 88' lang='lat' dir='ltr'>ut</span> <span class='ocrx_word' id='word_1_31' title='bbox 407 966 458 1005; x_wconf 89' lang='lat' dir='ltr'>me</span> <span class='ocrx_word' id='word_1_32' title='bbox 477 968 549 1008; x_wconf 84' lang='lat' dir='ltr'>mox</span> <span class='ocrx_word' id='word_1_33' title='bbox 573 951 735 1008; x_wconf 89' lang='lat' dir='ltr'>tuebuntur</span> <span class='ocrx_word' id='word_1_34' title='bbox 756 969 826 1008; x_wconf 84' lang='lat' dir='ltr'>mea</span> 
     </span>
    </p>

    <p class='ocr_par' dir='ltr' id='par_1_8' title="bbox 127 1030 753 1110">
     <span class='ocr_line' id='line_1_8' title="bbox 127 1030 753 1110; baseline 0.003 -19"><span class='ocrx_word' id='word_1_35' title='bbox 127 1030 259 1091; x_wconf 81' lang='lat' dir='ltr'>Caesam</span> <span class='ocrx_word' id='word_1_36' title='bbox 283 1052 374 1090; x_wconf 90' lang='lat' dir='ltr'>manu</span> <span class='ocrx_word' id='word_1_37' title='bbox 394 1033 506 1107; x_wconf 85' lang='lat' dir='ltr'>iacere,</span> <span class='ocrx_word' id='word_1_38' title='bbox 529 1035 573 1092; x_wconf 85' lang='lat' dir='ltr'>sic</span> <span class='ocrx_word' id='word_1_39' title='bbox 595 1035 753 1110; x_wconf 82' lang='lat' dir='ltr'>nepotibus</span> 
     </span>
    </p>

    <p class='ocr_par' dir='ltr' id='par_1_9' title="bbox 126 1116 804 1196">
     <span class='ocr_line' id='line_1_9' title="bbox 126 1116 804 1196; baseline 0.004 -21"><span class='ocrx_word' id='word_1_40' title='bbox 126 1117 247 1176; x_wconf 87' lang='lat' dir='ltr'>Poenas</span> <span class='ocrx_word' id='word_1_41' title='bbox 269 1116 400 1176; x_wconf 86' lang='lat' dir='ltr'>nefanda</span> <span class='ocrx_word' id='word_1_42' title='bbox 423 1119 515 1177; x_wconf 88' lang='lat' dir='ltr'>caede</span> <span class='ocrx_word' id='word_1_43' title='bbox 536 1120 687 1196; x_wconf 88' lang='lat' dir='ltr'>postumis</span> <span class='ocrx_word' id='word_1_44' title='bbox 710 1119 804 1178; x_wconf 81' lang='lat' dir='ltr'>luant.</span> 
     </span>
    </p>

    <p class='ocr_par' dir='ltr' id='par_1_10' title="bbox 126 1201 804 1280">
     <span class='ocr_line' id='line_1_10' title="bbox 126 1201 804 1280; baseline 0.001 -19"><span class='ocrx_word' id='word_1_45' title='bbox 126 1203 229 1280; x_wconf 80' lang='lat' dir='ltr'>Agite,</span> <span class='ocrx_word' id='word_1_46' title='bbox 251 1202 292 1260; x_wconf 89' lang='lat' dir='ltr'>ite</span> <span class='ocrx_word' id='word_1_47' title='bbox 316 1201 442 1275; x_wconf 84' lang='lat' dir='ltr'>celeres,</span> <span class='ocrx_word' id='word_1_48' title='bbox 466 1203 509 1262; x_wconf 90' lang='lat' dir='ltr'>ite</span> <span class='ocrx_word' id='word_1_49' title='bbox 530 1204 640 1263; x_wconf 81' lang='lat' dir='ltr'>Furias</span> <span class='ocrx_word' id='word_1_50' title='bbox 658 1204 804 1262; x_wconf 86' lang='lat' dir='ltr'>vindices.</span> 
     </span>
    </p>

    <p class='ocr_par' dir='ltr' id='par_1_11' title="bbox 128 1286 782 1366">
     <span class='ocr_line' id='line_1_11' title="bbox 128 1286 782 1366; baseline 0.002 -21"><span class='ocrx_word' id='word_1_51' title='bbox 128 1287 260 1345; x_wconf 80' lang='lat' dir='ltr'>Tentata</span> <span class='ocrx_word' id='word_1_52' title='bbox 279 1286 385 1365; x_wconf 84' lang='lat' dir='ltr'>volgus</span> <span class='ocrx_word' id='word_1_53' title='bbox 406 1306 505 1362; x_wconf 89' lang='lat' dir='ltr'>omne,</span> <span class='ocrx_word' id='word_1_54' title='bbox 527 1309 566 1347; x_wconf 88' lang='lat' dir='ltr'>ne</span> <span class='ocrx_word' id='word_1_55' title='bbox 588 1289 782 1366; x_wconf 88' lang='lat' dir='ltr'>compercite.</span> 
     </span>
    </p>

    <p class='ocr_par' dir='ltr' id='par_1_12' title="bbox 128 1371 826 1450">
     <span class='ocr_line' id='line_1_12' title="bbox 128 1371 826 1450; baseline 0.001 -16"><span class='ocrx_word' id='word_1_56' title='bbox 128 1371 191 1445; x_wconf 84' lang='lat' dir='ltr'>Sol,</span> <span class='ocrx_word' id='word_1_57' title='bbox 212 1373 265 1448; x_wconf 89' lang='lat' dir='ltr'>qui</span> <span class='ocrx_word' id='word_1_58' title='bbox 286 1390 431 1449; x_wconf 84' lang='lat' dir='ltr'>suprema</span> <span class='ocrx_word' id='word_1_59' title='bbox 449 1373 565 1450; x_wconf 88' lang='lat' dir='ltr'>templa</span> <span class='ocrx_word' id='word_1_60' title='bbox 585 1373 730 1433; x_wconf 90' lang='lat' dir='ltr'>curriculo</span> <span class='ocrx_word' id='word_1_61' title='bbox 749 1374 826 1435; x_wconf 87' lang='lat' dir='ltr'>citus</span> 
     </span>
    </p>

    <p class='ocr_par' dir='ltr' id='par_1_13' title="bbox 126 1457 885 1534">
     <span class='ocr_line' id='line_1_13' title="bbox 126 1457 885 1534; baseline 0.004 -18"><span class='ocrx_word' id='word_1_62' title='bbox 126 1457 269 1530; x_wconf 87' lang='lat' dir='ltr'>Lustras,</span> <span class='ocrx_word' id='word_1_63' title='bbox 289 1466 435 1534; x_wconf 87' lang='lat' dir='ltr'>paternae</span> <span class='ocrx_word' id='word_1_64' title='bbox 457 1457 605 1519; x_wconf 86' lang='lat' dir='ltr'>institeris</span> <span class='ocrx_word' id='word_1_65' title='bbox 626 1467 660 1518; x_wconf 90' lang='lat' dir='ltr'>ut</span> <span class='ocrx_word' id='word_1_66' title='bbox 678 1468 776 1518; x_wconf 87' lang='lat' dir='ltr'>terrae</span> <span class='ocrx_word' id='word_1_67' title='bbox 798 1480 885 1519; x_wconf 87' lang='lat' dir='ltr'>meae</span> 
     </span>
    </p>

    <p class='ocr_par' dir='ltr' id='par_1_14' title="bbox 128 1541 874 1621">
     <span class='ocr_line' id='line_1_14' title="bbox 128 1541 874 1621; baseline 0.003 -18"><span class='ocrx_word' id='word_1_68' title='bbox 128 1541 281 1621; x_wconf 73' lang='lat' dir='ltr'>strigare,</span> <span class='ocrx_word' id='word_1_69' title='bbox 304 1561 466 1618; x_wconf 84' lang='lat' dir='ltr'>parumper</span> <span class='ocrx_word' id='word_1_70' title='bbox 484 1544 588 1604; x_wconf 90' lang='lat' dir='ltr'>inhibe</span> <span class='ocrx_word' id='word_1_71' title='bbox 610 1546 746 1603; x_wconf 85' lang='lat' dir='ltr'>habenas</span> <span class='ocrx_word' id='word_1_72' title='bbox 766 1565 874 1605; x_wconf 89' lang='lat' dir='ltr'>aureas</span> 
     </span>
    </p>

    <p class='ocr_par' dir='ltr' id='par_1_15' title="bbox 126 1628 802 1703">
     <span class='ocr_line' id='line_1_15' title="bbox 126 1628 802 1703; baseline 0 -15"><span class='ocrx_word' id='word_1_73' title='bbox 126 1628 272 1703; x_wconf 79' lang='lat' dir='ltr'>Utrisque</span> <span class='ocrx_word' id='word_1_74' title='bbox 293 1628 414 1686; x_wconf 87' lang='lat' dir='ltr'>miseris</span> <span class='ocrx_word' id='word_1_75' title='bbox 437 1628 529 1691; x_wconf 83' lang='lat' dir='ltr'>funus</span> <span class='ocrx_word' id='word_1_76' title='bbox 550 1648 586 1688; x_wconf 87' lang='lat' dir='ltr'>ac·</span> <span class='ocrx_word' id='word_1_77' title='bbox 607 1648 696 1689; x_wconf 88' lang='lat' dir='ltr'>casus</span> <span class='ocrx_word' id='word_1_78' title='bbox 716 1648 802 1688; x_wconf 90' lang='lat' dir='ltr'>meos</span> 
     </span>
    </p>

    <p class='ocr_par' dir='ltr' id='par_1_16' title="bbox 126 1714 669 1789">
     <span class='ocr_line' id='line_1_16' title="bbox 126 1714 669 1789; baseline -0.004 -16"><span class='ocrx_word' id='word_1_79' title='bbox 126 1716 237 1773; x_wconf 85' lang='lat' dir='ltr'>Aetate</span> <span class='ocrx_word' id='word_1_80' title='bbox 253 1731 330 1770; x_wconf 87' lang='lat' dir='ltr'>cana</span> <span class='ocrx_word' id='word_1_81' title='bbox 351 1714 462 1770; x_wconf 91' lang='lat' dir='ltr'>nuncia</span> <span class='ocrx_word' id='word_1_82' title='bbox 482 1716 669 1789; x_wconf 86' lang='lat' dir='ltr'>parentibus.</span> 
     </span>
    </p>

    <p class='ocr_par' dir='ltr' id='par_1_17' title="bbox 126 1798 827 1871">
     <span class='ocr_line' id='line_1_17' title="bbox 126 1798 827 1871; baseline -0.004 -13"><span class='ocrx_word' id='word_1_83' title='bbox 126 1799 188 1858; x_wconf 91' lang='lat' dir='ltr'>Ubi</span> <span class='ocrx_word' id='word_1_84' title='bbox 208 1798 292 1856; x_wconf 86' lang='lat' dir='ltr'>fama</span> <span class='ocrx_word' id='word_1_85' title='bbox 314 1799 445 1857; x_wconf 86' lang='lat' dir='ltr'>miserae</span> <span class='ocrx_word' id='word_1_86' title='bbox 464 1800 569 1858; x_wconf 89' lang='lat' dir='ltr'>matris</span> <span class='ocrx_word' id='word_1_87' title='bbox 593 1814 681 1859; x_wconf 81' lang='lat' dir='ltr'>aures</span> <span class='ocrx_word' id='word_1_88' title='bbox 702 1798 827 1871; x_wconf 87' lang='lat' dir='ltr'>accidet,</span> 
     </span>
    </p>

    <p class='ocr_par' dir='ltr' id='par_1_18' title="bbox 127 1884 797 1958">
     <span class='ocr_line' id='line_1_18' title="bbox 127 1884 797 1958; baseline -0.003 -15"><span class='ocrx_word' id='word_1_89' title='bbox 127 1884 240 1943; x_wconf 87' lang='lat' dir='ltr'>Totam</span> <span class='ocrx_word' id='word_1_90' title='bbox 261 1902 316 1958; x_wconf 90' lang='lat' dir='ltr'>per</span> <span class='ocrx_word' id='word_1_91' title='bbox 336 1884 441 1941; x_wconf 90' lang='lat' dir='ltr'>urbem</span> <span class='ocrx_word' id='word_1_92' title='bbox 465 1885 604 1957; x_wconf 86' lang='lat' dir='ltr'>ululabit,</span> <span class='ocrx_word' id='word_1_93' title='bbox 628 1884 797 1944; x_wconf 85' lang='lat' dir='ltr'>eiulabitur.</span> 
     </span>
    </p>

    <p class='ocr_par' dir='ltr' id='par_1_19' title="bbox 126 1967 913 2045">
     <span class='ocr_line' id='line_1_19' title="bbox 126 1967 913 2045; baseline -0.004 -17"><span class='ocrx_word' id='word_1_94' title='bbox 126 1967 195 2028; x_wconf 91' lang='lat' dir='ltr'>Nec</span> <span class='ocrx_word' id='word_1_95' title='bbox 217 1969 331 2026; x_wconf 88' lang='lat' dir='ltr'>fructus</span> <span class='ocrx_word' id='word_1_96' title='bbox 353 1986 463 2045; x_wconf 81' lang='lat' dir='ltr'>operae</span> <span class='ocrx_word' id='word_1_97' title='bbox 484 1978 532 2029; x_wconf 87' lang='lat' dir='ltr'>est</span> <span class='ocrx_word' id='word_1_98' title='bbox 551 1972 612 2030; x_wconf 91' lang='lat' dir='ltr'>ista</span> <span class='ocrx_word' id='word_1_99' title='bbox 631 1972 744 2029; x_wconf 84' lang='lat' dir='ltr'>frustra</span> <span class='ocrx_word' id='word_1_100' title='bbox 764 1968 913 2043; x_wconf 88' lang='lat' dir='ltr'>conqueri.</span> 
     </span>
    </p>

    <p class='ocr_par' dir='ltr' id='par_1_20' title="bbox 127 2053 880 2132">
     <span class='ocr_line' id='line_1_20' title="bbox 127 2053 880 2132; baseline -0.001 -20"><span class='ocrx_word' id='word_1_101' title='bbox 127 2056 205 2132; x_wconf 84' lang='lat' dir='ltr'>Age,</span> <span class='ocrx_word' id='word_1_102' title='bbox 230 2053 407 2112; x_wconf 90' lang='lat' dir='ltr'>ordiendum</span> <span class='ocrx_word' id='word_1_103' title='bbox 430 2061 478 2112; x_wconf 90' lang='lat' dir='ltr'>est</span> <span class='ocrx_word' id='word_1_104' title='bbox 501 2055 621 2115; x_wconf 82' lang='lat' dir='ltr'>facinus</span> <span class='ocrx_word' id='word_1_105' title='bbox 644 2063 775 2115; x_wconf 87' lang='lat' dir='ltr'>actutum</span> <span class='ocrx_word' id='word_1_106' title='bbox 797 2054 880 2112; x_wconf 84' lang='lat' dir='ltr'>mihi.</span> 
     </span>
    </p>

    <p class='ocr_par' dir='ltr' id='par_1_21' title="bbox 128 2139 936 2219">
     <span class='ocr_line' id='line_1_21' title="bbox 128 2139 936 2219; baseline -0.002 -20"><span class='ocrx_word' id='word_1_107' title='bbox 128 2139 156 2199; x_wconf 91' lang='grc' dir='ltr'>Ο</span> <span class='ocrx_word' id='word_1_108' title='bbox 180 2157 261 2197; x_wconf 88' lang='lat' dir='ltr'>mors</span> <span class='ocrx_word' id='word_1_109' title='bbox 284 2156 387 2216; x_wconf 66' lang='lat' dir='ltr'>agan</span> <span class='ocrx_word' id='word_1_110' title='bbox 411 2157 491 2199; x_wconf 86' lang='lat' dir='ltr'>mors</span> <span class='ocrx_word' id='word_1_111' title='bbox 511 2160 578 2219; x_wconf 84' lang='lat' dir='ltr'>age,</span> <span class='ocrx_word' id='word_1_112' title='bbox 600 2142 681 2216; x_wconf 84' lang='lat' dir='ltr'>veni,</span> <span class='ocrx_word' id='word_1_113' title='bbox 711 2159 815 2198; x_wconf 86' lang='lat' dir='ltr'>acme</span> <span class='ocrx_word' id='word_1_114' title='bbox 836 2139 936 2198; x_wconf 90' lang='lat' dir='ltr'>visita.</span> 
     </span>
    </p>

    <p class='ocr_par' dir='ltr' id='par_1_22' title="bbox 127 2222 1094 2303">
     <span class='ocr_line' id='line_1_22' title="bbox 127 2222 1094 2303; baseline -0.004 -21"><span class='ocrx_word' id='word_1_115' title='bbox 127 2223 308 2299; x_wconf 75' lang='lat' dir='ltr'>Quanquam</span> <span class='ocrx_word' id='word_1_116' title='bbox 331 2222 506 2299; x_wconf 85' lang='lat' dir='ltr'>alloquendi</span> <span class='ocrx_word' id='word_1_117' title='bbox 527 2234 647 2303; x_wconf 87' lang='lat' dir='ltr'>tempus</span> <span class='ocrx_word' id='word_1_118' title='bbox 670 2226 744 2286; x_wconf 91' lang='lat' dir='ltr'>olim</span> <span class='ocrx_word' id='word_1_119' title='bbox 765 2225 822 2283; x_wconf 87' lang='lat' dir='ltr'>crit</span> <span class='ocrx_word' id='word_1_120' title='bbox 842 2226 927 2284; x_wconf 89' lang='lat' dir='ltr'>satis.</span> <span class='ocrx_word' id='word_1_121' title='bbox 1042 2224 1094 2278; x_wconf 79' lang='lat'>855</span> 
     </span>
    </p>

    <p class='ocr_par' dir='ltr' id='par_1_23' title="bbox 128 2307 794 2371">
     <span class='ocr_line' id='line_1_23' title="bbox 128 2307 794 2371; baseline 0.002 -4"><span class='ocrx_word' id='word_1_122' title='bbox 128 2307 175 2367; x_wconf 84' lang='lat' dir='ltr'>Te</span> <span class='ocrx_word' id='word_1_123' title='bbox 196 2308 274 2368; x_wconf 85' lang='lat' dir='ltr'>lucis</span> <span class='ocrx_word' id='word_1_124' title='bbox 295 2308 394 2365; x_wconf 87' lang='lat' dir='ltr'>almae</span> <span class='ocrx_word' id='word_1_125' title='bbox 413 2311 671 2371; x_wconf 90' lang='lat' dir='ltr'>candidissumum</span> <span class='ocrx_word' id='word_1_126' title='bbox 692 2311 794 2369; x_wconf 85' lang='lat' dir='ltr'>iubar:</span> 
     </span>
    </p>

    <p class='ocr_par' dir='ltr' id='par_1_24' title="bbox 71 2392 861 2474">
     <span class='ocr_line' id='line_1_24' title="bbox 71 2392 861 2474; baseline -0.004 -21"><span class='ocrx_word' id='word_1_127' title='bbox 71 2400 81 2421; x_wconf 79' lang='grc'><strong><em>’</em></strong></span> <span class='ocrx_word' id='word_1_128' title='bbox 128 2394 185 2468; x_wconf 85' lang='lat' dir='ltr'>Te,</span> <span class='ocrx_word' id='word_1_129' title='bbox 209 2394 268 2467; x_wconf 90' lang='lat' dir='ltr'>sol,</span> <span class='ocrx_word' id='word_1_130' title='bbox 292 2401 323 2451; x_wconf 88' lang='lat' dir='ltr'>et</span> <span class='ocrx_word' id='word_1_131' title='bbox 344 2392 441 2451; x_wconf 86' lang='lat' dir='ltr'>almae</span> <span class='ocrx_word' id='word_1_132' title='bbox 462 2394 540 2456; x_wconf 89' lang='lat' dir='ltr'>lucis</span> <span class='ocrx_word' id='word_1_133' title='bbox 564 2397 700 2474; x_wconf 84' lang='lat' dir='ltr'>aurigam</span> <span class='ocrx_word' id='word_1_134' title='bbox 723 2394 861 2468; x_wconf 84' lang='lat' dir='ltr'>alloquor</span> 
     </span>
    </p>

    <p class='ocr_par' dir='ltr' id='par_1_25' title="bbox 127 2476 1043 2556">
     <span class='ocr_line' id='line_1_25' title="bbox 127 2476 1043 2556; baseline -0.007 -17"><span class='ocrx_word' id='word_1_135' title='bbox 127 2479 369 2551; x_wconf 86' lang='lat' dir='ltr'>Posterrumum,</span> <span class='ocrx_word' id='word_1_136' title='bbox 390 2478 526 2553; x_wconf 90' lang='lat' dir='ltr'>inquam,</span> <span class='ocrx_word' id='word_1_137' title='bbox 549 2490 582 2539; x_wconf 91' lang='lat' dir='ltr'>ut</span> <span class='ocrx_word' id='word_1_138' title='bbox 602 2488 712 2556; x_wconf 87' lang='lat' dir='ltr'>postea</span> <span class='ocrx_word' id='word_1_139' title='bbox 735 2497 889 2552; x_wconf 88' lang='lat' dir='ltr'>nunquam</span> <span class='ocrx_word' id='word_1_140' title='bbox 902 2476 1043 2553; x_wconf 77' lang='lat' dir='ltr'>amplius.</span> 
     </span>
    </p>

    <p class='ocr_par' dir='ltr' id='par_1_26' title="bbox 129 2563 808 2637">
     <span class='ocr_line' id='line_1_26' title="bbox 129 2563 808 2637; baseline -0.007 -13"><span class='ocrx_word' id='word_1_141' title='bbox 129 2564 157 2624; x_wconf 91' lang='grc' dir='ltr'>Ο</span> <span class='ocrx_word' id='word_1_142' title='bbox 179 2564 293 2637; x_wconf 92' lang='lat' dir='ltr'>lumen,</span> <span class='ocrx_word' id='word_1_143' title='bbox 317 2583 335 2622; x_wconf 92' lang='lat' dir='ltr'>o</span> <span class='ocrx_word' id='word_1_144' title='bbox 360 2563 546 2625; x_wconf 86' lang='lat' dir='ltr'>domesticae</span> <span class='ocrx_word' id='word_1_145' title='bbox 569 2584 687 2625; x_wconf 89' lang='lat' dir='ltr'>sacrum</span> <span class='ocrx_word' id='word_1_146' title='bbox 710 2563 808 2624; x_wconf 88' lang='lat' dir='ltr'>solum</span> 
     </span>
    </p>

    <p class='ocr_par' dir='ltr' id='par_1_27' title="bbox 127 2643 1094 2726">
     <span class='ocr_line' id='line_1_27' title="bbox 127 2643 1094 2726; baseline -0.003 -16"><span class='ocrx_word' id='word_1_147' title='bbox 127 2648 305 2721; x_wconf 86' lang='lat' dir='ltr'>Salaminis,</span> <span class='ocrx_word' id='word_1_148' title='bbox 329 2668 347 2706; x_wconf 92' lang='lat' dir='ltr'>o</span> <span class='ocrx_word' id='word_1_149' title='bbox 374 2651 435 2707; x_wconf 92' lang='lat' dir='ltr'>mei</span> <span class='ocrx_word' id='word_1_150' title='bbox 452 2657 577 2726; x_wconf 89' lang='lat' dir='ltr'>penates</span> <span class='ocrx_word' id='word_1_151' title='bbox 601 2650 706 2725; x_wconf 81' lang='lat' dir='ltr'>patrii:</span> <span class='ocrx_word' id='word_1_152' title='bbox 1041 2643 1094 2699; x_wconf 73' lang='lat'>8⁶0</span> 
     </span>
    </p>

    <p class='ocr_par' dir='ltr' id='par_1_28' title="bbox 126 2732 864 2812">
     <span class='ocr_line' id='line_1_28' title="bbox 126 2732 864 2812; baseline -0.004 -20"><span class='ocrx_word' id='word_1_153' title='bbox 126 2734 193 2793; x_wconf 85' lang='lat' dir='ltr'>Vos</span> <span class='ocrx_word' id='word_1_154' title='bbox 214 2735 314 2793; x_wconf 87' lang='lat' dir='ltr'>clarae</span> <span class='ocrx_word' id='word_1_155' title='bbox 334 2734 483 2808; x_wconf 80' lang='lat' dir='ltr'>Athenae,</span> <span class='ocrx_word' id='word_1_156' title='bbox 502 2754 618 2810; x_wconf 86' lang='lat' dir='ltr'>vosque</span> <span class='ocrx_word' id='word_1_157' title='bbox 640 2734 769 2812; x_wconf 86' lang='lat' dir='ltr'>gentiles</span> <span class='ocrx_word' id='word_1_158' title='bbox 793 2732 864 2805; x_wconf 89' lang='lat' dir='ltr'>mei,</span> 
     </span>
    </p>

    <p class='ocr_par' dir='ltr' id='par_1_29' title="bbox 126 2819 763 2897">
     <span class='ocr_line' id='line_1_29' title="bbox 126 2819 763 2897; baseline -0.006 -18"><span class='ocrx_word' id='word_1_159' title='bbox 126 2820 310 2895; x_wconf 89' lang='lat' dir='ltr'>Fontesque,</span> <span class='ocrx_word' id='word_1_160' title='bbox 337 2819 420 2878; x_wconf 84' lang='lat' dir='ltr'>fluvii</span> <span class='ocrx_word' id='word_1_161' title='bbox 442 2838 497 2880; x_wconf 82' lang='lat' dir='ltr'>vos</span> <span class='ocrx_word' id='word_1_162' title='bbox 517 2820 636 2897; x_wconf 79' lang='lat' dir='ltr'>valete:</span> <span class='ocrx_word' id='word_1_163' title='bbox 659 2819 763 2879; x_wconf 85' lang='lat' dir='ltr'>Troici</span> 
     </span>
    </p>

    <p class='ocr_par' dir='ltr' id='par_1_30' title="bbox 128 2904 725 2982">
     <span class='ocr_line' id='line_1_30' title="bbox 128 2904 725 2982; baseline -0.005 -17"><span class='ocrx_word' id='word_1_164' title='bbox 128 2904 237 2982; x_wconf 84' lang='lat' dir='ltr'>Campi</span> <span class='ocrx_word' id='word_1_165' title='bbox 257 2905 368 2976; x_wconf 87' lang='lat' dir='ltr'>valete,</span> <span class='ocrx_word' id='word_1_166' title='bbox 390 2914 420 2964; x_wconf 91' lang='lat' dir='ltr'>et</span> <span class='ocrx_word' id='word_1_167' title='bbox 439 2924 493 2964; x_wconf 87' lang='lat' dir='ltr'>vos</span> <span class='ocrx_word' id='word_1_168' title='bbox 513 2906 575 2962; x_wconf 90' lang='lat' dir='ltr'>mei</span> <span class='ocrx_word' id='word_1_169' title='bbox 597 2906 725 2963; x_wconf 89' lang='lat' dir='ltr'>nutricii.</span> 
     </span>
    </p>

    <p class='ocr_par' dir='ltr' id='par_1_31' title="bbox 128 2990 761 3063">
     <span class='ocr_line' id='line_1_31' title="bbox 128 2990 761 3063; baseline -0.002 -14"><span class='ocrx_word' id='word_1_170' title='bbox 128 2990 216 3049; x_wconf 86' lang='lat' dir='ltr'>Haec</span> <span class='ocrx_word' id='word_1_171' title='bbox 238 2990 333 3049; x_wconf 86' lang='lat' dir='ltr'>verba</span> <span class='ocrx_word' id='word_1_172' title='bbox 353 2991 442 3049; x_wconf 89' lang='lat' dir='ltr'>vobis</span> <span class='ocrx_word' id='word_1_173' title='bbox 465 2991 527 3049; x_wconf 93' lang='lat' dir='ltr'>edit</span> <span class='ocrx_word' id='word_1_174' title='bbox 545 2991 626 3049; x_wconf 87' lang='lat' dir='ltr'>Aiax</span> <span class='ocrx_word' id='word_1_175' title='bbox 644 2990 761 3063; x_wconf 90' lang='lat' dir='ltr'>ultima,</span> 
     </span>
    </p>

    <p class='ocr_par' dir='ltr' id='par_1_32' title="bbox 127 3072 1093 3231">
     <span class='ocr_line' id='line_1_32' title="bbox 127 3072 1093 3151; baseline -0.001 -16"><span class='ocrx_word' id='word_1_176' title='bbox 127 3076 260 3151; x_wconf 88' lang='lat' dir='ltr'>Reliqua</span> <span class='ocrx_word' id='word_1_177' title='bbox 281 3073 361 3151; x_wconf 90' lang='lat' dir='ltr'>apud</span> <span class='ocrx_word' id='word_1_178' title='bbox 382 3075 494 3136; x_wconf 88' lang='lat' dir='ltr'>Orcum</span> <span class='ocrx_word' id='word_1_179' title='bbox 514 3076 601 3134; x_wconf 86' lang='lat' dir='ltr'>fabor</span> <span class='ocrx_word' id='word_1_180' title='bbox 619 3075 828 3134; x_wconf 76' lang='lat' dir='ltr'>internatibus.</span> <span class='ocrx_word' id='word_1_181' title='bbox 1040 3072 1093 3127; x_wconf 80' lang='grc'>865</span> 
     </span>
     <span class='ocr_line' id='line_1_33' title="bbox 366 3152 807 3231; baseline -0.002 -11"><span class='ocrx_word' id='word_1_182' title='bbox 366 3152 595 3231; x_wconf 83' lang='grc' dir='ltr'>ΗΜΙΧΟΡΟΣ,</span> <span class='ocrx_word' id='word_1_183' title='bbox 618 3159 807 3219; x_wconf 81' lang='lat' dir='ltr'>Semichorua</span> 
     </span>
    </p>

    <p class='ocr_par' dir='ltr' id='par_1_33' title="bbox 130 3244 705 3322">
     <span class='ocr_line' id='line_1_34' title="bbox 130 3244 705 3322; baseline -0.003 -16"><span class='ocrx_word' id='word_1_184' title='bbox 130 3245 180 3307; x_wconf 88' lang='lat' dir='ltr'>Se.</span> <span class='ocrx_word' id='word_1_185' title='bbox 222 3246 327 3305; x_wconf 90' lang='lat' dir='ltr'>Labor</span> <span class='ocrx_word' id='word_1_186' title='bbox 348 3244 462 3322; x_wconf 86' lang='lat' dir='ltr'>duplex</span> <span class='ocrx_word' id='word_1_187' title='bbox 483 3244 584 3322; x_wconf 83' lang='lat' dir='ltr'>gravis</span> <span class='ocrx_word' id='word_1_188' title='bbox 607 3244 705 3304; x_wconf 86' lang='lat' dir='ltr'>labor.</span> 
     </span>
    </p>

    <p class='ocr_par' dir='ltr' id='par_1_34' title="bbox 130 3329 642 3408">
     <span class='ocr_line' id='line_1_35' title="bbox 130 3329 642 3408; baseline -0.01 -16"><span class='ocrx_word' id='word_1_189' title='bbox 130 3331 230 3407; x_wconf 81' lang='lat' dir='ltr'>Quem</span> <span class='ocrx_word' id='word_1_190' title='bbox 252 3350 316 3390; x_wconf 91' lang='lat' dir='ltr'>non</span> <span class='ocrx_word' id='word_1_191' title='bbox 336 3330 416 3389; x_wconf 87' lang='lat' dir='ltr'>adivi</span> <span class='ocrx_word' id='word_1_192' title='bbox 438 3349 495 3408; x_wconf 82' lang='lat' dir='ltr'>ego</span> <span class='ocrx_word' id='word_1_193' title='bbox 518 3329 642 3388; x_wconf 81' lang='lat' dir='ltr'>locum?</span> 
     </span>
    </p>

    <p class='ocr_par' dir='ltr' id='par_1_35' title="bbox 128 3408 913 3493">
     <span class='ocr_line' id='line_1_36' title="bbox 128 3408 913 3493; baseline -0.004 -18"><span class='ocrx_word' id='word_1_194' title='bbox 128 3414 207 3490; x_wconf 87' lang='lat' dir='ltr'>Nec,</span> <span class='ocrx_word' id='word_1_195' title='bbox 230 3417 282 3492; x_wconf 88' lang='lat' dir='ltr'>qui</span> <span class='ocrx_word' id='word_1_196' title='bbox 304 3415 410 3474; x_wconf 88' lang='lat' dir='ltr'>dooere</span> <span class='ocrx_word' id='word_1_197' title='bbox 431 3414 539 3493; x_wconf 88' lang='lat' dir='ltr'>possit,</span> <span class='ocrx_word' id='word_1_198' title='bbox 561 3413 642 3473; x_wconf 87' lang='lat' dir='ltr'>ullus</span> <span class='ocrx_word' id='word_1_199' title='bbox 665 3421 713 3473; x_wconf 91' lang='lat' dir='ltr'>est</span> <span class='ocrx_word' id='word_1_200' title='bbox 732 3408 829 3473; x_wconf 88' lang='lat' dir='ltr'>lo&#39;cus.</span> <span class='ocrx_word' id='word_1_201' title='bbox 912 3476 913 3479; x_wconf 50' lang='lat'>,</span> 
     </span>
    </p>

    <p class='ocr_par' dir='ltr' id='par_1_36' title="bbox 129 3498 776 3574">
     <span class='ocr_line' id='line_1_37' title="bbox 129 3498 776 3574; baseline -0.006 -14"><span class='ocrx_word' id='word_1_202' title='bbox 129 3500 223 3574; x_wconf 81' lang='lat' dir='ltr'>Tace,</span> <span class='ocrx_word' id='word_1_203' title='bbox 244 3510 320 3559; x_wconf 86' lang='lat' dir='ltr'>tace.</span> <span class='ocrx_word' id='word_1_204' title='bbox 339 3500 450 3559; x_wconf 77' lang='lat' dir='ltr'>fallor?</span> <span class='ocrx_word' id='word_1_205' title='bbox 471 3519 510 3557; x_wconf 89' lang='lat' dir='ltr'>an</span> <span class='ocrx_word' id='word_1_206' title='bbox 535 3516 640 3567; x_wconf 86' lang='lat' dir='ltr'>sonum</span> <span class='ocrx_word' id='word_1_207' title='bbox 665 3498 776 3557; x_wconf 81' lang='lat' dir='ltr'>audio?</span> 
     </span>
    </p>

    <p class='ocr_par' dir='ltr' id='par_1_37' title="bbox 127 3582 857 3648">
     <span class='ocr_line' id='line_1_38' title="bbox 127 3582 857 3648; baseline -0.01 -1"><span class='ocrx_word' id='word_1_208' title='bbox 127 3584 181 3648; x_wconf 83' lang='lat' dir='ltr'>Se.</span> <span class='ocrx_word' id='word_1_209' title='bbox 222 3586 315 3646; x_wconf 86' lang='lat' dir='ltr'>Vero.</span> <span class='ocrx_word' id='word_1_210' title='bbox 340 3586 460 3646; x_wconf 82' lang='lat' dir='ltr'>sodales</span> <span class='ocrx_word' id='word_1_211' title='bbox 483 3584 627 3645; x_wconf 86' lang='lat' dir='ltr'>classicos</span> <span class='ocrx_word' id='word_1_212' title='bbox 649 3603 709 3644; x_wconf 90' lang='lat' dir='ltr'>nos</span> <span class='ocrx_word' id='word_1_213' title='bbox 730 3582 857 3643; x_wconf 89' lang='lat' dir='ltr'>scilicet.</span> 
     </span>
    </p>
   </div>
   <div class='ocr_carea' id='block_1_3' title="bbox 211 3828 218 3861">
    <p class='ocr_par' dir='ltr' id='par_1_38' title="bbox 211 3828 218 3861">
     <span class='ocr_line' id='line_1_39' title="bbox 211 3828 218 3861; baseline 0 0"><span class='ocrx_word' id='word_1_214' title='bbox 211 3828 218 3861; x_wconf 87' lang='lat' dir='ltr'>l</span> 
     </span>
    </p>
   </div>
   <div class='ocr_carea' id='block_1_4' title="bbox 0 0 1298 4214">
    <p class='ocr_par' dir='ltr' id='par_1_39' title="bbox 0 0 1298 4214">
     <span class='ocr_line' id='line_1_40' title="bbox 0 0 1298 4214; baseline 0 0"><span class='ocrx_word' id='word_1_215' title='bbox 0 0 1298 4214; x_wconf 95' lang='lat' dir='ltr'> </span> 
     </span>
    </p>
   </div>
  </div>
 </body>
</html>
