2604 4210
566 366 626 428 tot

521 452 673 461 -——--—·--

140 533 280 609 Namque
302 542 355 593 tuo
377 536 528 614 extinguis
548 555 658 614 corpus
679 537 868 612 animumque
890 556 1009 614 sopore,

141 617 269 693 Quando
291 621 460 698 perrumpis
480 629 605 681 naturae
627 620 727 681 vivida
750 622 891 695 claustra,

141 702 242 763 Caeca
262 705 566 785 hominumsignans
587 716 710 767 aeterno
731 706 848 764 lumina
869 726 988 767 somno.

142 784 286 850 Omnibu'
309 791 490 865 communis,
507 792 576 850 aliis
597 793 707 851 iniuria
728 791 848 868 partim,

140 874 303 933 Florentes
326 875 483 953 stinguens
503 883 617 936 aetates
637 878 742 935 funere
767 877 885 934 acerbo.

142 959 255 1020 Omnia
276 978 346 1017 nam
367 975 506 1019 concreta
527 963 559 1019 in
582 970 612 1020 te
626 962 703 1021 sola
720 958 932 1020 absolfiuntur:

141 1043 222 1103 Nam
244 1064 341 1120 neque
362 1045 532 1123 suppliciis,
559 1067 658 1124 neque
678 1048 755 1107 votis
778 1053 902 1123 pectora
922 1045 1049 1122 frangis.

142 1130 244 1207 Quare
265 1149 283 1188 o
305 1137 409 1188 sancta
429 1132 509 1203 veni,
534 1132 627 1210 longo
647 1140 720 1210 post
740 1140 877 1207 tempore
898 1130 987 1202 vitae,

142 1215 231 1291 Quod
248 1221 278 1271 te
300 1214 459 1291 suppliciis
483 1224 514 1274 et
537 1218 617 1276 votis
641 1219 837 1289 obtestamur,

141 1300 183 1359 Ut
201 1299 321 1357 felicem
343 1301 474 1359 habeant
495 1301 631 1362 homines
652 1303 823 1378 claramque
846 1307 1009 1362 senectam.

292 1394 418 1446 Vertcbat
442 1395 495 1446 Ios.
515 1395 583 1450 Scal.
602 1398 669 1447 intra
686 1400 800 1464 quinque
818 1399 916 1448 dicrum
932 1396 1052 1461 spatium.

158 1580 282 1630 Eiusdem
306 1580 358 1630 Ios.
376 1579 445 1634 Seni.
463 1584 643 1633 annotationes
661 1584 689 1632 in
707 1583 823 1648 Hymnus
843 1584 1035 1648 praecedentes.

194 1647 245 1697 Hic
269 1646 333 1696 liber
352 1665 403 1699 non
420 1652 528 1718 proprie
551 1660 610 1700 sunt
628 1647 718 1718 ὕμνοι,
743 1651 787 1700 sed
810 1650 918 1702 τελεταί.
943 1665 1003 1699 nom
1023 1650 1053 1698 in

141 1717 248 1783 Hymnis
257 1715 369 1778 natalia,
378 1726 462 1784 petto,
482 1727 506 1768 et
517 1720 638 1769 eiusmodi
647 1728 805 1780 narrantur:
829 1720 870 1769 liic
878 1736 939 1769 oero
953 1724 1053 1768 tantum

141 1786 315 1836 invocationes
337 1786 463 1849 Deorum,
489 1787 577 1853 quibus
600 1787 739 1838 utebantur
767 1789 795 1837 in
813 1788 941 1854 mysteriis
958 1788 988 1846 ii,
1009 1786 1053 1852 qui

142 1854 226 1904 sactis
245 1855 387 1921 cuiuspiam
401 1854 448 1905 Dei
459 1856 639 1907 initiarentur:
668 1857 733 1906 Sunt
752 1857 828 1906 etiam
848 1857 884 1906 ad
902 1854 1053 1923 depellenda

143 1922 215 1973 mala
233 1923 336 1975 adiecti.
372 1923 443 1985 Quane
460 1925 546 1974 omnia
558 1933 642 1975 tomen
651 1927 716 1990 {iant
728 1924 917 1991 cognominibus
928 1923 1053 1989 mysticis.

144 1990 196 2040 seu
214 1990 308 2043 Graeci
330 1994 358 2042 in
377 1992 426 2044 hoc
441 2010 549 2061 prorsus
571 2003 639 2047 sunt.
676 1994 770 2044 Latine
796 1994 895 2061 quidem
913 1993 991 2043 Initia
1007 1993 1050 2042 in-

143 2058 223 2109 scribi
240 2069 334 2127 potem,
352 2070 382 2112 ut
399 2063 554 2129 respondeat
578 2063 678 2114 Graeco
696 2061 901 2114 accersierat:
927 2061 973 2111 sed
989 2061 1051 2127 quia

119 2130 122 2137 '
144 2136 223 2179 totum
240 2130 428 2196 aequanimius
448 2131 560 2182 Deorum
580 2140 690 2195 constat,
708 2132 797 2182 melius
813 2130 965 2183 inscribitur
981 2130 1051 2180 Indi-

141 2199 293 2261 gitamcnta.
335 2198 435 2250 Veteres
454 2203 519 2251 enim
529 2201 627 2263 Latini,
647 2219 709 2269 quos
726 2202 821 2253 Graeci
836 2209 932 2251 nocant
945 2196 1052 2266 ὕμνους,

141 2267 152 2316 i
169 2267 192 2316 si
209 2269 342 2316 nominant
363 2269 529 2332 Assamenta‚
550 2288 616 2337 quoe
634 2269 734 2321 scilicet
747 2271 889 2336 separatim
901 2269 929 2318 in
940 2267 1054 2333 aliquem

168 2351 223 2384 eum
244 2344 380 2398 canuntur,
396 2338 424 2387 in
441 2338 530 2405 quibus
548 2347 623 2405 qesta
640 2348 665 2388 et
679 2340 788 2389 virtutes
802 2339 855 2388 eius
868 2337 916 2385 Dei
935 2334 1053 2385 celebra-

141 2410 213 2463 runt,
236 2411 266 2451 ut
293 2403 357 2453 cliii
378 2406 461 2467 fusius
482 2407 602 2457 dicimus.
643 2406 680 2456 At
702 2407 901 2469 Indigitamenta
917 2410 1053 2463 vocarunt,

141 2472 170 2520 in
195 2469 284 2535 quibus
304 2471 416 2522 Deorum
442 2476 592 2540 cognomina
617 2476 694 2525 coria
712 2482 801 2523 essent.
839 2473 938 2522 Eorum
958 2471 1055 2523 Graeci

142 2538 192 2589 duo
219 2555 316 2603 genera
339 2540 470 2601 feceruut:
491 2559 552 2591 uam
570 2541 685 2610 κλητοὺς
704 2539 801 2609 ὕμνους
827 2548 954 2591 uocarunt
973 2540 1050 2591 ouci-

144 2607 239 2657 licrum
258 2615 282 2656 et
299 2608 441 2670 forentium
455 2610 575 2671 Deorum,
596 2610 785 2680 ἀποτροπαίους
803 2617 887 2660 autem
901 2610 1054 2669 nocentium,

142 2693 210 2744 quoe
228 2684 306 2726 oocat
327 2675 450 2743 Virgilius
467 2678 542 2728 laeva
559 2680 674 2729 numina.
713 2678 811 2729 Horum
829 2679 940 2745 primum
960 2695 992 2728 ec
1007 2695 1054 2728 oe-

143 2753 197 2794 tere
217 2745 583 2812 linquoLatiuaCalatorium
601 2762 720 2809 carmen3
738 2746 858 2808 alterum,
876 2746 1054 2797 Auerruncale

142 2830 237 2863 vocare
254 2831 396 2932 possumus.
437 2815 533 2877 Quare,
558 2823 587 2866 ut
605 2817 670 2876 dici,
693 2816 755 2882 quia
773 2817 861 2865 omniu
878 2814 973 2865 Latine
990 2814 1054 2864 red-

143 2882 203 2931 dere
219 2898 251 2932 oo
263 2900 344 2944 umus,
366 2885 467 2934 tametsi
487 2884 576 2935 titulus
597 2885 713 2936 Graecae
727 2884 891 2952 inscriptioni
902 2880 992 2950 ὕμνων
1003 2898 1057 2932 non

142 2951 286 3016 respondet,
307 2961 391 3002 tamen
410 2953 609 3016 Indigitamenta
629 2954 815 3019 inscripsimus.
854 2952 958 3002 Dictum
969 2959 1056 3002 autem

142 3020 279 3083 indigitare
298 3038 346 3081 pro
367 3022 507 3082 inuisitato,
528 3021 576 3072 itoc
593 3030 630 3071 est
649 3038 752 3072 occare.
788 3021 857 3071 Nam
876 3021 982 3070 citatam
999 3019 1055 3085 pls·

143 3087 203 3138 bem
220 3088 349 3150 dicebant,
368 3107 433 3156 quae
449 3091 477 3140 in
496 3090 619 3141 iudicium
637 3098 732 3141 uocata
749 3097 822 3140 esset.
845 3089 889 3139 Sic
900 3089 970 3156 apud
984 3088 1055 3139 Var-

143 3172 231 3206 ronem
247 3158 284 3208 De
305 3159 393 3226 linquo
413 3157 510 3209 Latina
528 3162 598 3224 quod
616 3176 693 3225 pecus
712 3161 845 3209 incitatum
857 3160 990 3223 antiquum
1009 3172 1055 3222 op·

162 3226 232 3275 idum
246 3228 397 3293 exigebant5
418 3227 548 3294 legendum
559 3230 654 3295 potius,
673 3230 858 3277 inducitatume
876 3226 944 3293 quod
957 3234 1057 3276 estnon

169 3296 283 3357 ononis,
310 3296 355 3346 sed
377 3296 510 3347 cuietsdom
535 3299 628 3346 veteris
653 3305 746 3364 poetae
772 3292 978 3366 ἀκροτελεὺτιον.
1019 3294 1056 3344 Dt

144 3364 221 3414 citare
238 3372 325 3416 notum
340 3365 403 3432 quid
420 3366 454 3415 sit
473 3366 502 3415 in
518 3364 661 3428 forensibus
679 3373 704 3415 et
720 3364 886 3416 iudicialibus
904 3364 1011 3423 caussis,
1031 3355 1062 3411 ei

144 3433 251 3483 citatum
275 3435 475 3485 instrumentum
501 3442 682 3502 nuncupatum.
726 3433 799 3499 Erpa
817 3434 965 3494 indicimus,
989 3431 1058 3498 quod

144 3508 202 3551 erat
222 3503 336 3563 incitare,
356 3511 381 3552 et
398 3504 534 3566 indigitare
555 3504 620 3553 idem
626 3520 635 3565 ,·
660 3509 689 3553 ut
714 3503 849 3553 subicitare
868 3508 893 3550 et
910 3502 1056 3565 subagitare

143 3571 171 3620 in
192 3569 287 3621 Casina
308 3569 412 3624 Ptaart:
430 3579 459 3622 ut
477 3574 571 3622 inicere
588 3573 615 3621 in
633 3571 749 3621 Varrone
765 3589 815 3640 pro
833 3572 939 3635 inigere.
972 3569 1057 3621 Tanto
