2586 4214
619 361 770 455 mo-

238 529 275 587 In
297 528 391 586 risum
414 547 519 587 eorum
537 528 692 587 transtulit
710 529 866 601 coloniam,

240 611 300 686 Qui
321 612 469 689 praelium
491 632 610 672 movere
632 611 765 673 Saturno
788 615 873 672 satis.

239 696 308 755 Bsii
327 697 464 775 magistri
485 699 645 775 postmodo
663 699 795 771 bustum,
817 717 905 759 casas

170 780 222 834 695
239 782 315 841 Post
335 783 513 859 praeteribit
533 781 722 855 Cimmerum,
744 792 775 842 et
793 782 965 842 Plutonium

238 869 346 944 Aquae
368 867 512 944 procellis
534 870 725 926 fluctuantem
747 869 906 947 gurgitem,

240 952 354 1025 Ossan,
378 955 528 1029 boumque
550 953 659 1012 viriati
681 955 804 1012 semitas

240 1036 369 1110 Stratus,
391 1058 559 1115 nemusque
578 1038 708 1096 Liberae
731 1057 828 1115 pusae
850 1038 978 1113 interae,

240 1121 440 1198 Candensqne
460 1125 618 1200 ilam[m]is
639 1124 760 1196 flumen,
781 1114 870 1199 atque
890 1125 942 1184 ubi
961 1126 1081 1184 aetheri

171 1208 222 1262 700
239 1207 336 1266 Tollit
360 1226 502 1267 cacumen
522 1209 625 1286 ampla
645 1227 796 1286 procapcs
821 1209 894 1287 iugi,

238 1292 286 1350 Ex
308 1311 366 1366 quo
390 1293 503 1353 fluenta
525 1303 642 1366 cuncta,
665 1294 765 1351 cuncti
787 1293 921 1352 funditus

238 1377 353 1435 Pontes
377 1396 430 1451 per
447 1397 519 1436 arra
541 1378 729 1454 dissipantur
748 1378 840 1436 Itala:

238 1461 456 1538 Linquensque
478 1463 665 1522 Lethaeonis
687 1464 750 1521 alta
772 1463 913 1535 culmina,

239 1546 414 1622 Lacumque
436 1550 599 1619 Avernum,
624 1567 712 1623 quem
734 1549 819 1606 labro
842 1549 936 1606 ambit
959 1549 1076 1622 circite,

171 1635 222 1691 705
239 1630 279 1690 Et
298 1631 408 1690 flumen
430 1639 496 1691 atra
517 1642 604 1693 nocte
623 1632 728 1710 Cocyti
751 1635 900 1692 obrutum.

240 1714 343 1793 Stygis
362 1717 510 1796 nigrantis
533 1719 691 1796 gurgitem,
714 1738 774 1794 qua
795 1717 956 1780 Terminus

238 1801 372 1860 Iuranda
395 1803 495 1879 posuit
514 1805 580 1862 iura
602 1803 751 1879 supremis
773 1803 850 1876 deis,

239 1886 288 1944 Ire
309 1886 340 1943 in
364 1885 511 1965 Gigantes
534 1898 625 1964 atque
646 1888 776 1948 Titanos
798 1906 925 1969 parans:

238 1970 387 2029 Libamen
410 1972 604 2049 haustrisque
626 1974 727 2033 aureis
748 1975 868 2032 antlans
892 1990 1000 2047 aquae,

172 2064 224 2119 710
242 2056 341 2116 Orcae
362 2056 474 2116 dicabit
494 2064 524 2115 et
544 2059 607 2117 viro
628 2058 793 2131 donarium,

240 2139 336 2201 Silam
358 2140 517 2199 columnae
540 2141 644 2201 vertici
667 2143 843 2220 appendens
867 2160 967 2200 suam:

239 2225 280 2283 Et
299 2233 362 2284 tres
383 2227 503 2286 necabit
524 2228 580 2285 filii
601 2225 740 2288 Salaciae

239 2311 356 2388 Pupas,
380 2330 524 2370 camenae
545 2313 650 2372 matris
671 2314 828 2371 aemulans
852 2312 927 2383 soni,

240 2396 325 2454 Iactu
344 2397 486 2456 insolenti
506 2398 667 2475 praecipes
691 2418 708 2456 c
731 2398 861 2456 culmine

172 2488 223 2542 715
240 2481 348 2540 Pinnis
371 2483 500 2542 caducas
525 2502 639 2559 aequor
662 2485 694 2541 in
716 2483 944 2561 Tyrrhenicum,

240 2565 424 2642 Quacunque
447 2569 540 2627 amari
562 2569 629 2627 iura
648 2569 787 2628 staminis
813 2568 940 2625 trahent.

238 2652 339 2712 Unam
362 2651 486 2712 Phaleri
503 2655 595 2713 turris
619 2655 744 2712 eiectam
763 2654 847 2712 foras

241 2734 410 2813 Glanisque
431 2739 540 2816 capiet,
563 2740 685 2797 flumine
705 2740 836 2797 irrorans
860 2737 998 2793 humum:

241 2821 309 2896 Qua
330 2840 426 2899 pusae
447 2842 580 2881 acerram
602 2832 809 2882 construentes
830 2820 960 2892 incolae,

173 2915 224 2969 700
241 2907 428 2966 Vitulatuum
450 2917 603 2984 strepente
624 2909 840 2985 Parthenopen
865 2926 942 2965 sono

240 2989 388 3052 Solennia
411 2994 498 3052 deam
520 2994 691 3053 iubilabunt
713 2994 825 3051 alitem.

240 3082 281 3137 At
300 3077 384 3138 littus
405 3087 515 3138 extans
537 3079 569 3137 in
590 3079 729 3137 Veniliae
752 3079 827 3136 deae

242 3162 283 3223 Se
305 3180 456 3237 corruens,
479 3165 689 3241 cognominem
708 3163 860 3223 Leucosia

240 3247 363 3306 Petram
382 3249 507 3322 tenebit,
529 3267 589 3324 qua
608 3250 705 3307 fluens
727 3250 758 3308 Is
782 3258 812 3307 et
830 3249 915 3306 ferox
959 3262 964 3273 ·

173 3341 224 3396 705
240 3332 370 3392 Fluenta
388 3334 494 3414 pingui
514 3333 603 3392 Laris
625 3341 741 3392 eructat
762 3334 834 3392 solo.

241 3418 338 3495 Ligea
361 3427 466 3496 agetur
488 3419 519 3476 in
542 3419 692 3476 Terenam
712 3420 871 3491 fluctuans,

243 3501 372 3563 Sulcans
391 3503 543 3580 procellae
565 3522 711 3561 murmur:
732 3504 816 3562 illam
837 3504 956 3563 navitae

242 3587 395 3662 Linquent
417 3588 566 3665 sepultam
587 3588 716 3651 littorali
736 3589 860 3668 cespite,
