2586 4214
651 346 803 443 -M-lg—

276 512 382 588 Qualis
401 515 492 574 tubae
516 514 644 574 sentitur
662 535 777 576 senece
798 535 903 576 eonor.

274 599 431 677 Recteque
452 599 550 659 sensti
566 619 615 659 me
635 603 710 660 mihi
732 603 982 663 infensissumum

237 676 241 692 '
274 685 399 744 Aiacem
421 685 513 744 odora
534 685 658 745 circuire
678 686 830 765 indagine,

225 775 260 830 20
276 770 324 827 Ita
346 777 401 829 est.
423 789 490 829 eum
511 789 666 845 venamur,
688 772 769 831 haud
792 772 895 845 alium,
918 770 996 830 Dea.

274 853 355 915 Nam
376 855 492 915 fucinus
514 856 575 915 ista
594 865 683 916 nocte
707 875 840 928 caecum,
862 856 1010 928 nescium,

274 943 457 1018 Ancepsque
478 940 550 999 fecit
570 940 633 1014 ille,
656 942 684 1001 si
704 942 777 1000 fecit
799 950 911 999 tamen.

275 1024 329 1086 Nil
350 1026 462 1086 scimus
483 1027 595 1085 etenim
617 1027 728 1087 mentis
754 1045 854 1084 errore
877 1025 946 1085 avii.

276 1109 377 1185 Quare
397 1112 454 1169 hoc
475 1111 573 1170 subivi
594 1119 704 1188 sponte
727 1111 886 1188 perferens
911 1128 999 1169 onus.

226 1195 259 1251 25
276 1195 357 1255 Nam
376 1213 474 1273 pecua
495 1215 593 1273 nuper
613 1203 701 1272 parta
718 1196 827 1255 bellica
847 1214 948 1267 manu,

276 1281 427 1359 Iugulata,
449 1287 554 1354 strata,
576 1281 711 1339 sauciata
729 1281 860 1340 foediter

275 1367 379 1439 Manu,
396 1365 552 1442 magistris
574 1383 641 1424 cum
661 1365 725 1425 suis
748 1364 939 1424 offendimus.

276 1450 419 1524 Factiqne
439 1468 506 1507 eum
529 1450 628 1508 omnis
648 1449 737 1508 huius
760 1458 911 1508 auctorem
929 1448 1011 1506 facit.

277 1533 347 1594 Huc
366 1533 453 1607 adde,
473 1534 551 1608 quod
571 1534 743 1611 speculator
763 1536 842 1593 hunc
864 1533 963 1594 solum
985 1536 1131 1609 omnium,

227 1617 262 1672 3⁰
280 1617 409 1697 Campos
432 1627 554 1678 cruento
575 1620 645 1677 dum
668 1638 742 1679 ense
761 1619 909 1696 persultat
929 1619 1046 1695 furens,
1139 1686 1141 1695 Ι

277 1704 430 1779 Viditque,
453 1704 628 1779 retulitque:
646 1706 713 1782 Ego
734 1712 866 1762 actutum
887 1704 1000 1780 impete

277 1789 416 1867 Vestigo,
434 1789 539 1848 odoro.
561 1790 637 1847 haec
652 1790 739 1867 signs
757 1809 816 1847 non
838 1788 928 1847 dubie
948 1797 1034 1849 noto:

278 1877 337 1934 Ast
355 1875 410 1932 illa
428 1873 534 1946 miror,
558 1875 626 1932 cuia
646 1875 707 1933 sint
724 1894 786 1933 nou
806 1890 962 1949 assequor.

284 1957 347 2020 Sed
367 1958 482 2016 affuisti
502 1959 645 2035 tempori,
667 1960 693 2018 si
712 1959 832 2034 quidem
854 1965 906 2016 tua

228 2047 262 2103 35
278 2045 329 2103 Me
351 2059 440 2114 nunc,
461 2049 491 2099 et
513 2043 586 2100 olim
609 2044 701 2116 rexit,
725 2053 754 2102 et
774 2052 860 2121 reget
880 2062 997 2102 manus.

278 2128 331 2186 Mi.
373 2126 530 2198 Perseum,
551 2126 675 2204 Ulysse.
697 2128 827 2203 iamque,
850 2128 920 2187 dum
941 2127 1107 2200 venaturis‚

277 2211 366 2271 Viam
385 2211 440 2269 tibi
458 2210 549 2269 istam
572 2220 678 2287 sponte
700 2220 803 2272 custos
822 2213 929 2271 iustiti.

277 2296 328 2358 Ul.
377 2296 462 2355 Bene
484 2297 543 2369 hic,
567 2314 696 2356 secusne
717 2306 843 2375 coeptus
867 2305 915 2357 est
933 2297 1006 2353 mihi
1025 2296 1134 2356 labos?

279 2382 332 2440 Mi.
375 2381 504 2456 Liquido
526 2382 654 2459 putasti:
676 2382 749 2441 fecit
762 2383 826 2454 ille,
849 2401 898 2440 me
915 2382 994 2440 vide.

228 2467 263 2522 40
279 2467 330 2527 Ul.
378 2466 460 2526 Nam
482 2485 534 2524 cur
557 2474 587 2523 et
608 2485 700 2526 ausus
723 2467 775 2524 ille
798 2475 859 2525 tam
882 2485 1003 2524 caecum
1023 2468 1136 2526 nefas?

278 2550 331 2610 Mi.
375 2551 503 2611 Achillis
525 2568 618 2624 arma,
641 2551 759 2609 addicta
779 2571 840 2610 non
862 2552 921 2610 eibi
942 2551 1033 2609 dolet.

278 2635 330 2695 Ul.
379 2634 440 2694 Cur
460 2635 504 2694 sic
526 2637 645 2694 furente
665 2637 760 2695 fertur
779 2637 810 2693 iu
826 2655 933 2713 greges
954 2635 1071 2713 gradun

277 2721 331 2779 Mi.
373 2721 485 2780 Vestro
503 2738 610 2779 manus
630 2721 752 2779 foedare
771 2739 898 2797 sperans
921 2721 1079 2799 sauguine.

279 2804 331 2865 Ul.
376 2804 575 2883 Incogitabat‚
595 2806 707 2880 inquis,
726 2806 847 2883 Argivis
868 2805 1002 2864 malum?

229 2891 263 2946 45
280 2890 334 2950 Mi.
378 2889 455 2963 Quin
479 2891 593 2964 absque
612 2908 660 2947 me
677 2889 798 2961 fuisset,
820 2900 849 2947 et
872 2898 1052 2965 patraverat.

279 2974 330 3034 Ul.
379 2974 537 3051 Quibusne
559 2975 686 3051 coeptis,
707 2994 805 3049 quove
827 2974 935 3033 mentis
955 2975 1093 3052 impetu?

279 3060 333 3119 Mi.
376 3059 487 3134 Irrupit
505 3058 543 3117 sd
562 3078 617 3118 vos
640 3068 729 3117 nocte
750 3060 847 3130 solus,
869 3069 899 3118 et
920 3059 997 3117 dolo.

280 3144 331 3204 Ul.
378 3144 522 3202 Pervenit
540 3143 641 3220 igitur,
664 3151 752 3218 utque
773 3151 871 3211 metas
895 3145 1024 3222 attigit?⁴

279 3230 340 3307 Mi„
375 3229 531 3287 Institerut
551 3228 624 3286 odeo
643 3228 760 3303 utrique
778 3229 838 3286 iam
858 3230 1019 3305 praetorio.

229 3318 265 3372 50
280 3313 332 3374 Ul.
379 3311 455 3388 Quis
472 3311 581 3389 rapida
602 3320 742 3371 ovantem
763 3314 855 3372 caede
875 3314 1023 3390 repressit
1042 3312 1182 3373 manum?

281 3399 334 3457 Mi.
377 3397 488 3457 Aliena
509 3397 606 3474 captis
625 3414 719 3456 sensa
739 3397 845 3457 ocellis
867 3417 1015 3476 oggerens

281 3481 426 3542 Hominis
449 3482 574 3540 retundo
596 3481 736 3559 gaudium
754 3482 984 3541 immedicabile.

281 3566 322 3628 Et
342 3559 381 3625 ud
402 3584 526 3644 gregum
546 3566 683 3626 miscella
700 3567 867 3646 lanigerum
888 3568 1019 3648 agmine,
