2586 4214
620 345 772 439 -3—2d-

249 513 321 573 'l'ibi
343 513 422 586 dico,
446 519 553 591 captae
577 511 832 573 matris-ancillae
854 530 961 590 genus.
988 528 991 536 ⁴

249 600 386 677 Ingenua
401 598 483 674 quod
505 598 532 657 si
553 598 729 661 sustulisset
751 604 783 654 te
801 616 922 672 parens,

173 682 241 736 1230
250 684 404 760 Quantum
426 691 570 758 tumeres,
592 690 681 759 teque
704 680 820 740 celsum
842 683 1012 756 attolleres,

250 767 327 828 (lum
345 769 445 847 litiges
471 769 556 826 nulla
578 768 610 826 in
631 787 675 841 re,
698 768 790 826 horno
814 767 889 825 nulli
911 768 979 827 rei?

250 854 382 913 Venisse
401 872 458 912 nec
479 872 537 912 nos
561 853 801 924 classirectores,
824 871 922 927 neque

249 938 352 998 Duces
375 940 535 1019 Aehivdm,
557 938 749 996 iureiurando
771 944 919 997 autumas.

250 1023 313 1086 Sed
335 1025 409 1083 iuris
426 1025 519 1097 Aiax,
543 1031 576 1081 ut
595 1025 722 1101 probas,
744 1023 827 1080 venit
846 1023 908 1081 sui:

173 1111 300 1169 1235An
324 1111 385 1168 ista
401 1110 449 1168 ius
469 1116 516 1168 est
538 1109 619 1166 dicta
641 1126 744 1168 servos
764 1107 927 1183 proloqui?

161 1236 167 1249 .
248 1193 323 1268 Quis
344 1195 406 1267 ille,
429 1194 476 1252 cui
498 1201 541 1267 tu,
563 1200 649 1252 tanta
670 1193 854 1264 vociferans,
873 1192 1004 1250 studes?

250 1279 319 1354 Quo
346 1279 470 1339 contulit
491 1279 611 1355 pedem,
634 1279 686 1336 ubi
708 1277 801 1348 stetit,
820 1278 873 1335 ubi
895 1285 926 1335 et
948 1296 1010 1336 non
1033 1279 1119 1357 egui¹

249 1366 298 1423 An
319 1371 440 1440 praeter
460 1363 557 1436 illurn,
579 1363 694 1421 nullum
719 1363 833 1419 habent
855 1361 965 1421 Graeci
987 1364 1109 1423 virum?

248 1449 340 1525 Ergo,
364 1455 397 1506 ut
416 1448 563 1520 videmur,
586 1449 689 1522 iniqua
711 1447 969 1523 promulgavimus
1022 1504 1027 1511 ,

173 1536 241 1590 1240
250 1535 413 1594 Armorum
435 1533 563 1592 Achillis
585 1533 705 1609 publice
729 1533 903 1604 certamino,

252 1617 286 1678 Si
305 1618 423 1677 Teucer
447 1626 476 1676 et
498 1638 556 1677 nos
579 1638 633 1676 ore
653 1617 806 1676 convincit
827 1616 943 1676 malos:

249 1702 317 1762 Nec
339 1712 388 1762 sat
408 1705 576 1780 probantur
594 1703 649 1762 ille
672 1723 711 1760 ne
734 1703 822 1760 victis
842 1703 974 1776 quidem,

250 1787 319 1846 Hae
340 1797 431 1862 stare,
455 1808 515 1864 qna
536 1796 579 1847 tot
598 1807 744 1846 censuere
766 1787 896 1845 iudices:

249 1872 362 1931 Verum
382 1875 503 1951 probris
526 1893 581 1932 nos
601 1874 733 1951 undique
754 1871 930 1930 incilabitis.

174 1959 367 2017 multarum
388 1966 440 2016 aut
460 1959 582 2035 petetis,
605 1958 732 2034 impotes
757 1957 913 2016 victoriae.

250 2043 324 2101 Istis
346 2044 384 2100 ab
407 2043 517 2101 animis
540 2043 735 2117 moribusque
754 2042 867 2100 eimodi

250 2126 415 2202 Nunquam
438 2135 593 2186 asseretur
613 2126 732 2204 legibus
753 2145 826 2186 suus
844 2133 952 2199 status,

253 2211 287 2272 Si
307 2211 463 2290 exigemus
487 2212 551 2270 iure
572 2212 728 2270 vincentes
749 2211 831 2284 loco,

250 2298 290 2357 Et
311 2297 536 2374 postputandos
562 2305 633 2355 ante
654 2297 880 2355 collocabimus.

174 2383 241 2437 1250
253 2381 314 2442 Sed
332 2383 568 2460 comprimenda.
594 2383 668 2440 haec
689 2402 752 2441 non
773 2381 916 2439 lacertosi
938 2380 1005 2453 viri,
1048 2421 1050 2424 ι

249 2468 407 2542 Vastoque
429 2469 537 2526 virium
555 2468 679 2544 impetu,
700 2467 722 2524 ii
745 2466 912 2525 tutissumi:

233 2551 313 2612 xSed
336 2554 447 2628 ubique
467 2554 600 2626 vincunt,
625 2559 726 2610 mente
748 2553 800 2626 qui
821 2570 898 2610 sane
919 2550 1029 2608 cluent.

249 2636 361 2714 Flagro
382 2638 584 2696 admonentur
601 2638 717 2714 pullulo
737 2636 866 2714 glebarii

250 2720 353 2779 Validi
373 2723 488 2781 triones
509 2731 625 2780 rectum
645 2723 735 2780 itiner
755 2722 909 2793 insistere,

173 2813 241 2868 1255
251 2805 309 2866 Oui
330 2808 450 2884 generis
473 2809 504 2866 in
528 2816 557 2865 te
580 2808 744 2866 remedium
766 2807 855 2864 video
881 2806 938 2864 cito

249 2893 412 2970 Expetere,
434 2894 467 2950 ni
490 2900 520 2951 te
541 2911 649 2969 sapere
671 2891 812 2969 postules
834 2893 921 2949 bene.

249 2975 309 3050 Qui
331 2986 420 3037 natus
442 2977 509 3051 illo,
532 2978 583 3054 qui
603 2978 712 3035 umbra
730 2977 842 3048 inanis,
865 2996 928 3034 non
948 2970 995 3030 vir
1013 2978 1075 3041 est,

250 3060 355 3121 Gestis
375 3063 508 3140 petulco,
529 3063 661 3137 loqueris
684 3070 714 3119 et
734 3061 925 3137 proterviter.

249 3146 324 3206 Non
343 3166 452 3224 sapere
475 3148 599 3207 disces?
617 3166 683 3206 nou
702 3154 823 3205 tuorum
846 3147 987 3205 conscius

173 3231 418 3306 tfflthatalium,
440 3234 595 3292 hominem
616 3232 746 3290 liberum
765 3231 897 3290 adduces
919 3230 1003 3302 mihi,

251 3317 430 3377 Orationem
454 3319 505 3394 qui
530 3319 615 3376 dabit
633 3325 718 3375 trram
737 3317 855 3375 vicem?
905 3342 908 3348 ·

185 3444 198 3466 .
248 3400 331 3461 Nam
353 3411 384 3462 te
403 3403 548 3479 loquente
569 3402 650 3460 dicta
673 3421 721 3460 me
741 3403 893 3460 incertaut
913 3408 975 3471 tua,

248 3487 292 3546 Ut
311 3488 362 3563 qui
383 3487 538 3563 loquelam
558 3488 720 3547 barbatam
741 3487 822 3544 haud
843 3485 1028 3562 intellegam.

249 3570 305 3630 ch.
350 3573 477 3648 Utrique
497 3581 630 3633 vestrum
651 3570 705 3631 Dii
727 3573 840 3632 bonam
865 3578 997 3628 mentem
1017 3570 1117 3629 duint.
