2532 4216
493 352 643 447 j?—

115 517 197 593 Quas
215 519 391 596 complexus
417 537 484 578 eres
506 521 669 597 praestanti
691 539 820 597 corpore
840 522 938 582 dotes.

114 604 232 680 Quodsi
251 606 321 680 quie
343 604 465 663 laudare
486 606 561 664 velit
582 607 746 682 patriamve
769 626 917 685 genusve,

114 691 243 748 Moverit
260 691 430 767 ambiguam
449 690 546 749 ‘dubio
570 691 732 749 certamine
753 692 892 767 palmam.

112 773 192 832 Nam
214 794 288 851 quse
311 775 381 833 dius
401 783 470 836 tuas
489 794 657 835 memorare
675 775 800 836 Batavis
821 777 927 836 leudes

113 859 167 918 Vis
186 860 316 918 humens
331 860 441 935 queat?
459 860 631 920 Primordis
648 879 794 936 quaerere
818 863 887 920 voci

114 941 279 1004 Conantem
299 946 331 1004 in
353 945 455 1004 varios
476 947 627 1004 sententis
646 946 793 1005 distrahet
810 965 915 1006 orsus:

112 1028 289 1088 Iustitiaene
310 1030 394 1106 prius
412 1030 534 1103 reserat,
555 1032 667 1090 bellive
688 1032 822 1104 labores,

113 1113 208 1173 Exilii
230 1115 335 1174 dulces
351 1124 468 1190 portus,
491 1124 522 1174 et
542 1116 664 1175 moenis
686 1116 790 1174 mundi

113 1197 256 1276 Hospite,
275 1208 339 1258 tuta
363 1200 453 1259 bonis
476 1201 532 1259 sub
555 1202 684 1279 legibus.
704 1201 815 1261 Omnia
837 1217 956 1277 magna,

116 1283 239 1343 Omnia:
263 1285 317 1344 sed
340 1285 438 1343 maius
459 1286 579 1344 censeri
599 1287 688 1345 laude
710 1287 853 1358 virorum,

117 1368 201 1444 Quos
225 1387 364 1448 generas,
386 1370 542 1428 hominum
565 1372 732 1431 iustissime
750 1378 855 1443 mater,
872 1370 1024 1443 alumnos,

116 1452 196 1511 Inter
217 1473 296 1530 quos
318 1455 391 1512 clari
409 1455 557 1533 fulgentis
575 1457 677 1516 sidera
698 1457 799 1515 lucent

115 1535 300 1613 Dousisds'e,
321 1540 438 1598 faculas
462 1541 545 1599 velut
565 1542 644 1599 inter
664 1542 752 1600 Luna
774 1542 918 1600 minores.

115 1620 242 1700 Nanque
262 1634 345 1683 tuum
365 1624 457 1684 decus
480 1646 570 1685 omne
591 1627 650 1684 tui:
679 1627 771 1685 decus
796 1645 885 1683 omne
904 1634 1025 1684 tuorum

115 1705 299 1769 Dousiadae.
323 1708 425 1770 Semel
446 1730 507 1768 una
525 1711 605 1770 alios
629 1710 738 1768 natalis
764 1712 896 1769 honorat

115 1790 282 1857 Nobilitas:
303 1795 363 1853 His
383 1796 579 1871 omniparens
599 1794 718 1853 Natura
737 1794 900 1869 quotannis

115 1876 230 1956 Ingenii
252 1880 335 1938 clara
355 1880 407 1936 dat
426 1880 585 1939 nobilitate
606 1880 736 1939 renasci.

115 1959 196 2022 Haec
217 1983 339 2041 quoque
359 1965 495 2024 venturis
517 1965 657 2041 quiddam
678 1964 874 2023 memorabile
893 1965 1004 2025 saeclis

118 2046 265 2110 Omnibus
288 2069 308 2107 a
328 2050 462 2109 numeris
486 2058 516 2108 et
538 2052 575 2109 ab
599 2051 682 2109 omni
702 2057 787 2126 parte
810 2051 930 2109 beatum
958 2114 962 2121 ,

115 2129 298 2206 Parturiens,
316 2135 454 2212 Agedum
476 2135 563 2208 felix,
585 2154 642 2213 age
665 2154 801 2207 nascere,
822 2135 911 2208 dixit,

117 2213 258 2293 Nascere,
282 2238 351 2277 aare
371 2239 454 2295 puer.
478 2221 561 2279 Mars
582 2221 716 2279 vindieat
737 2222 881 2279 hactenus
905 2238 1011 2280 omnes

116 2303 264 2366 Auctores
284 2305 379 2363 vestri
400 2306 530 2382 generis.
552 2305 597 2363 Te
618 2306 708 2364 docta
726 2306 863 2363 Minerva

116 2383 248 2465 Excipiet
273 2408 341 2447 cum
361 2398 446 2465 patre
469 2391 539 2449 sibi.
561 2390 626 2448 Iam
642 2408 747 2467 perge,
770 2397 890 2447 tuorum

118 2469 179 2546 Qua
200 2474 306 2534 nullus
328 2493 437 2550 presso
457 2475 587 2551 vestigia
608 2475 728 2532 tramite
748 2473 843 2546 flexit,

116 2552 177 2614 Nee
198 2561 261 2620 soli
285 2567 389 2618 vestm
410 2560 595 2618 descendant
619 2566 776 2618 stemmate
797 2558 903 2617 fortes.

118 2637 173 2699 Per
194 2645 306 2705 doctos
325 2654 519 2703 numerentur
540 2644 597 2704 sui.
617 2643 690 2703 Non
714 2644 799 2702 irrita
818 2644 931 2703 fundos

118 2723 238 2803 Magnus
260 2730 334 2801 eris,
356 2730 384 2788 si
404 2749 463 2805 que
484 2730 621 2788 victricia
643 2748 785 2807 rumpere
806 2729 873 2788 Fati

118 2805 182 2869 Iura
204 2824 307 2891 potes.
332 2814 378 2872 Te
400 2814 502 2874 saecla
524 2822 645 2887 canent,
668 2823 698 2873 te
721 2814 822 2873 vivida
841 2813 944 2872 nutrix

119 2895 270 2959 Quorum
293 2899 391 2958 doctis
412 2900 586 2959 instaurans
605 2910 743 2976 tempora
764 2900 875 2957 cbartls

119 2974 285 3044 Posteritas
308 2985 489 3044 memorabit
511 3004 598 3044 anus.
622 2985 668 3042 Te
690 2985 796 3042 dicere
812 2982 914 3040 nullus

119 3058 247 3128 Venturo
266 3070 390 3147 poterit,
410 3070 470 3128 nisi
495 3072 545 3145 qui
568 3070 735 3141 mirabitur,
755 3086 843 3125 aevo.

119 3141 248 3212 Dixerat.
267 3155 399 3230 Excepit
416 3172 521 3213 vocem
541 3155 663 3213 crudele
682 3153 823 3211 renidens

120 3230 259 3313 Atropos,
281 3240 489 3315 increpuitque
511 3240 678 3298 minacibus
699 3237 801 3296 omina
821 3234 929 3314 signis,

119 3310 165 3373 Ne
182 3325 308 3401 propria
326 3327 413 3397 haec,
434 3324 543 3383 dilecte
564 3343 649 3399 puer,
678 3322 734 3381 tibi
756 3321 838 3379 dona
859 3327 1025 3379 manerent

120 3395 195 3480 Ilugo
216 3410 298 3483 quod
317 3410 427 3486 potuit,
452 3427 544 3485 parco
569 3410 717 3468 deducere
736 3406 829 3464 vitam

122 3478 259 3566 Stamina,
281 3495 480 3571 praecipitare
500 3493 597 3566 colus,
619 3495 679 3552 hoc
701 3492 841 3567 improba
861 3489 966 3572 fecit..

123 3561 241 3635 Caetera
262 3599 325 3640 non
346 3580 457 3656 potuit.
478 3577 559 3636 Nam
575 3587 605 3636 te
627 3577 816 3636 abeunstetit
838 3574 937 3636 omnis
