2586 4214
613 325 764 421 —ass—

232 498 321 559 Aiax.
362 494 454 558 Salve
471 493 619 570 Minerva,
643 494 778 557 maxumi
795 493 898 570 proles
917 495 1017 568 Iovis,

232 582 320 643 Bene
336 582 421 653 ades,
444 588 475 638 et
497 587 676 656 opportuna.
700 588 730 638 te
753 579 863 656 spoliis
885 598 943 656 ego

232 669 373 727 Maotabo
397 664 519 741 opimis,
541 673 666 743 propter
686 666 765 725 hano
784 663 929 741 praedam
951 664 1081 740 quidem.

233 753 286 811 Mi.
332 750 432 828 Sapis.
455 749 510 808 sed
531 749 606 811 illud
628 750 707 828 quod
726 769 812 827 rogo,
830 768 921 807 narra
939 749 1023 809 mihi.

182 827 217 881 95
234 837 365 897 Hastam
387 833 522 894 imbuisti
543 837 693 913 sanguine
713 835 827 912 Argivo
849 833 954 892 tuam?

233 923 282 984 Αἰ.
330 921 371 981 Et
391 919 516 999 gloriari
537 919 586 979 fas
610 921 685 979 mihi
706 927 764 992 est,
786 927 817 976 et
836 938 899 977 non
923 938 1044 996 negem.

232 1008 286 1067 Mi.
329 1006 498 1069 Advorsum
520 1005 643 1066 Atridas
666 1023 776 1081 nempe
798 1003 921 1063 molitus
945 1022 1070 1073 manum
1090 1002 1143 1063 esi

233 1094 282 1152 Αἰ.
327 1090 399 1171 Non
419 1091 473 1148 fiat
489 1088 553 1151 iliis
574 1090 663 1150 ludus
685 1090 767 1149 Aiax
789 1088 931 1165 amplius.

232 1178 284 1236 Mi.
326 1178 436 1235 Actum
458 1181 515 1246 est,
537 1183 571 1234 ut
593 1176 708 1250 inquis:
731 1173 905 1233 oeciderunt
923 1172 1017 1231 ilicet

167 1256 217 1309 10⁰
233 1263 283 1322 Ai.
331 1259 422 1319 Nune
442 1259 581 1319 auferant
601 1260 676 1317 mihi
697 1277 783 1317 arma
801 1258 913 1317 mortui
933 1276 1013 1315 mea.

232 1347 285 1404 Mi.
330 1343 410 1418 Quid
430 1363 503 1402 vero
526 1343 655 1420 Ulysses
674 1344 728 1403 ille
749 1344 862 1403 Laerta
886 1342 994 1402 satus?

233 1428 298 1503 Quo
319 1447 370 1488 res
392 1428 462 1487 loeo
482 1427 528 1485 illi
551 1429 619 1487 esti
647 1448 687 1487 an
708 1437 790 1487 tuam
815 1428 921 1505 effugit
941 1425 1086 1485 manum?

232 1514 282 1576 Δί.
332 1511 497 1575 Sacramne
519 1513 642 1590 volpem
661 1532 718 1588 quo
740 1512 829 1572 sitin
850 1519 930 1572 statu
950 1511 1063 1589 rogas?

231 1600 285 1658 Mi.
327 1597 1145 1677 Ipsum,inquam‚Ulyssemmaietibiinfestumoaput.

167 1682 218 1735 105
235 1684 285 1743 Αἰ.
335 1683 550 1744 Gratissimum
570 1683 651 1743 intus
675 1682 792 1743 assidet
810 1681 1016 1759 spectaculum

234 1767 392 1845 Captivos,
415 1769 517 1845 ipsum
540 1770 622 1844 quod
641 1769 720 1827 mori
740 1768 871 1827 nondum
890 1767 992 1826 velim.

231 1855 285 1914 Mi.
328 1852 478 1928 Quidnam
485 1854 663 1930 priusquam
672 1850 1147 1930 aggredereiquidfaeiesluorii

232 1939 281 1997 Αἱ.
330 1935 512 2012 Priusquam
534 1938 574 1995 ad
592 1938 672 1996 altae
693 1938 830 1996 columen
851 1937 986 1995 evinctus
1008 1936 1128 2009 domus,

232 2023 285 2083 Mi.
330 2020 492 2095 Quodnam
513 2022 631 2081 misello
653 2023 768 2099 grande
789 2021 907 2081 moliris
929 2020 1065 2080 malum?

166 2107 218 2160 110
233 2107 283 2166 Αἰ.
332 2104 449 2164 Caesus
471 2106 602 2183 flagellis
627 2108 709 2166 efflet
727 2108 859 2165 animam
878 2105 1017 2181 denique.

233 2191 287 2250 Mi.
329 2189 379 2250 Ne
399 2191 554 2263 miserum,
568 2193 688 2264 amabo,
709 2211 748 2250 ne
762 2193 841 2251 hune
852 2192 896 2249 ita
910 2191 1045 2267 aoeipias
1056 2190 1147 2251 malo.
1242 2262 1244 2265 Ι

233 2276 282 2337 Ai.
333 2273 464 2353 Sperare
485 2277 517 2335 in
539 2276 620 2349 aliis,
641 2275 731 2349 Diva,
752 2286 784 2335 te
805 2277 894 2335 iubeo
915 2278 1003 2336 bene.

233 2359 424 2438 Suppliaium
442 2361 482 2420 ad
501 2361 592 2421 istum
612 2362 652 2434 is,
672 2379 729 2419 nea
748 2379 850 2433 secus,
871 2361 956 2419 dabit
976 2359 1112 2421 modum.

232 2447 286 2507 Mi.
327 2446 493 2522 Postquam
514 2447 624 2505 boam
645 2445 746 2506 animo
769 2453 817 2505 est
839 2455 887 2505 sat
904 2446 960 2504 tibi
975 2453 1147 2522 arreptum,

166 2526 216 2580 1¹5
233 2529 284 2590 Ne
305 2548 397 2608 pares
417 2531 551 2604 dextrae,
572 2532 703 2609 cogitata
722 2531 843 2607 perfice.
1038 2531 1149 2606 [ilicet

232 2616 282 2675 Αἰ.
329 2616 482 2693 Accingor
504 2616 543 2674 ad
563 2636 645 2675 rem:
666 2623 817 2675 caeterum
838 2615 950 2677 mando
973 2615 1041 2688 tibi,

233 2699 275 2760 Ut
293 2699 356 2761 tale
376 2709 516 2775 praestes
538 2719 659 2778 semper
679 2699 826 2761 auxilium
845 2700 930 2759 mihi.

232 2785 286 2844 Mi.
328 2783 434 2858 Vides,
455 2784 579 2862 Ulysse‚
597 2787 659 2845 vim
679 2786 824 2857 Deorum,
846 2792 960 2859 quauta
977 2783 1040 2844 siti

232 2868 304 2928 Hoc
320 2870 444 2929 homine
465 2890 566 2928 rerum
588 2872 657 2946 quis
679 2870 736 2929 fuit
755 2868 933 2941 consultior,

165 2949 217 3004 120
233 2954 291 3012 Vel
309 2955 416 3015 melior
437 2956 566 3017 antehae
587 2964 697 3032 coepta
715 2963 832 3013 mature
855 2953 985 3029 exequi?

232 3038 283 3101 Ul.
325 3037 438 3102 Nullus
460 3041 579 3115 quidem
601 3041 746 3110 antehao;
766 3039 898 3114 mihique
920 3036 1132 3099 miseritudine

232 3121 407 3185 Commovit
426 3125 571 3198 animum,
592 3143 763 3201 quanquam
783 3123 916 3198 iniquior
937 3123 1012 3183 mihi
1033 3131 1093 3195 est,

233 3207 319 3282 Quod
338 3209 393 3271 tali
414 3210 577 3271 inhaerens
595 3210 662 3286 ipse
680 3210 829 3269 conflictet
849 3208 937 3269 malo.
991 3258 996 3263 i

231 3291 299 3352 Neo
318 3293 402 3355 iliius
422 3314 498 3367 rem,
518 3312 608 3369 quam
630 3313 739 3367 meam,
763 3301 867 3371 speoto
889 3294 998 3370 magis.

165 3374 216 3429 125
232 3377 288 3441 Nil
308 3387 408 3441 certus
430 3379 513 3439 aliud
535 3396 695 3452 essenos,
717 3398 807 3455 quem
828 3379 949 3438 somnia

230 3462 466 3542 magistratum,
488 3471 540 3525 aut
560 3482 689 3539 corpora
709 3465 817 3525 umbra
836 3463 949 3525 inania.

230 3546 283 3607 Mi.
326 3547 414 3626 Ergo
426 3548 547 3611 cavebis
570 3549 647 3611 haee
664 3549 782 3621 videns,
804 3547 996 3609 temerarium
1064 3582 1067 3590 ·
