2604 4210
506 341 679 436 pm..

147 509 237 570 Eudo
260 510 418 586 procinctu
440 513 593 570 cernentia
611 529 688 588 quae
711 512 829 588 agmina
850 511 931 570 ferro
982 522 988 531 '
1040 570 1042 577 ,

147 595 189 654 Et
209 595 388 653 rixamluis
409 594 561 656 alterutris
585 617 625 655 ex
647 591 778 672 partibu'
799 614 928 673 pugnae,

147 680 186 738 Iu
209 680 292 739 bello
311 698 451 753 cernens,
472 690 506 739 ut
527 682 594 758 quis
615 680 794 758 palmarium
816 681 953 756 adeptus,

148 763 225 838 Quis
249 772 281 823 tu
301 784 428 840 cumque
449 765 554 826 favens
566 772 712 842 praeses
736 765 920 823 dulcissima*
933 773 1015 826 vota.

149 850 262 910 Omnia
281 869 351 908 nam
372 851 535 924 moderare,
557 860 587 908 et
608 851 730 929 grandis
752 849 865 908 adorea
883 850 957 914 belli

148 934 230 993 Tota
254 955 294 994 ex
315 944 345 994 ta
368 935 490 1013 pendet,
512 937 600 995 laetis
622 935 818 994 vitulantibus
837 953 961 1013 augens.

148 1017 249 1092 Quare
269 1021 327 1078 huc
339 1018 392 1080 'sis
414 1022 529 1094 venias,
555 1021 688 1099 cupienti
709 1020 770 1079 Dia
788 1019 933 1094 Dearum,

148 1101 278 1182 Semper
297 1106 455 1183 praeclaro
478 1107 717 1184 iungens‘operi
738 1106 858 1184 agmina
879 1106 1011 1164 laudum.

388 1276 519 1351 Apollini
539 1276 679 1349 suffimen,
701 1294 817 1333 maana.
1020 1275 1060 1335 33

147 1359 266 1417 Februe
290 1367 320 1416 te
340 1360 464 1417 Iuturne
484 1378 604 1437 precor,
624 1359 784 1431 Tituicida,
803 1359 951 1435 Luperce,
1035 1420 1037 1425 ,

149 1444 178 1504 Ο
199 1444 376 1520 Memphite,
396 1445 537 1517 verende,
560 1445 705 1516 salutifer,
727 1445 806 1503 altor
828 1445 988 1519 honorum,

149 1528 178 1588 Ο
201 1528 321 1601 fidicen,
346 1528 480 1588 Consive
499 1549 620 1605 parens,
644 1529 763 1601 Titane,
788 1528 928 1606 Segeste,

148 1611 320 1673 Sorieulate
340 1622 435 1689 pater,
457 1615 612 1686 Vaticane,
637 1613 829 1687 excetricida,

148 1697 281 1771 Lucifer,
301 1699 444 1775 agrestis,
464 1718 519 1757 rex
538 1698 680 1770 mustule,
700 1693 802 1756 nobili’
825 1699 932 1774 pubes,

147 1781 288 1855 Praesul‚
310 1782 547 1858 Casmoenisque
570 1783 727 1860 sagittifer,
752 1783 995 1859 arcitenensque,

148 1867 260 1926 Brume
283 1878 379 1943 pater,
401 1870 640 1944 collimatcrque,
665 1868 788 1941 obstite,
810 1867 948 1945 gemelle,

148 1952 241 2025 Delie
261 1973 328 2026 rex,
351 1954 402 2028 qui
424 1954 574 2012 illustrem
595 1954 690 2012 aciem
710 1954 768 2010 hnc
787 1950 911 2030 partiris
929 1959 960 2010 et
978 1951 1062 2024 illuc,

148 2039 320 2111 Auricome,
341 2039 459 2116 integra
479 2047 638 2115 praecepta
658 2046 747 2112 atque
766 2037 887 2097 oracula
907 2037 1022 2096 fatens:
1054 2060 1057 2069 ·

148 2121 213 2181 Pro'
232 2123 348 2200 populo
372 2132 508 2182 orantem
530 2143 578 2181 me
601 2119 719 2181 coelitu'
739 2124 804 2182 vise
824 2141 1001 2200 parumper:

148 2206 229 2266 Nam
252 2227 356 2268 susum
380 2209 492 2286 aspicis
514 2209 709 2266 immoderata
730 2209 805 2266 haec
826 2227 954 2282 aequora
974 2207 1063 2280 caeli,

148 2294 189 2354 Et
211 2311 320 2369 supera
342 2301 436 2354 terras
458 2302 488 2352 et
508 2302 627 2352 noctem
649 2295 752 2352 subter
774 2311 910 2369 opacam,
1143 2367 1146 2374 Ι

149 2378 247 2437 Nocte
271 2378 390 2452 silente,
415 2380 471 2438 sub
494 2380 618 2439 umbrae
637 2378 881 2455 signitenentibu'
902 2376 1041 2436 flammis.

149 2463 282 2522 Radices
307 2465 439 2523 statuisti
461 2464 554 2521 infra:
576 2463 690 2539 tibique
710 2462 821 2520 extima
841 2462 945 2520 mundi

149 2549 190 2607 Et
211 2548 267 2606 tibi
287 2548 479 2626 principium,
500 2549 556 2606 tibi
577 2547 706 2607 solvitur
728 2548 827 2606 exitus
849 2548 962 2606 omnis:

150 2633 356 2707 Omnivireus,
379 2634 488 2693 fidibus
511 2642 544 2691 tu
565 2633 681 2692 coelica
701 2632 814 2709 templa
836 2633 955 2691 canoris

151 2718 381 2778 Permoderaris
404 2720 443 2777 ad
464 2720 543 2776 imae
564 2737 644 2777 nunc
666 2718 797 2777 confinia
817 2718 910 2790 sedis,

150 2803 242 2862 Nunc
256 2804 295 2860 ad
305 2805 434 2881 primam
448 2805 567 2877 iterum,
579 2822 658 2862 nunc
673 2803 711 2861 ad
728 2803 931 2861 modulamina
942 2802 1041 2861 Dorii.

152 2887 275 2948 Ocelum
298 2908 417 2947 omnem
440 2889 569 2961 varians,
595 2890 694 2948 varias
718 2888 880 2946 animantia
904 2887 996 2960 secla,
1058 2906 1060 2911 ·

152 2973 324 3051 Temperiis
345 2974 501 3032 hominum
520 2975 689 3047 moderans,
710 2973 848 3048 aequalia
869 2973 940 3045 fata,

152 3058 343 3117 Tantundem
365 3060 496 3118 miscens
519 3059 687 3134 hiemisque
711 3067 801 3135 atque
815 3058 928 3117 aestuis
941 3057 1062 3132 iisdem,

152 3143 340 3204 Discernens
362 3142 470 3220 primis
492 3143 631 3216 hiemem,
653 3144 845 3202 inferioribus
866 3150 981 3215 aestus,

152 3232 194 3287 At
217 3230 298 3287 veris
321 3230 398 3307 grati
422 3229 555 3305 speciem
574 3229 772 3287 modulamine
793 3228 891 3287 Dorii.

152 3313 242 3377 Unde
265 3315 401 3374 homines
420 3314 471 3372 ted
489 3312 648 3390 indigitant
661 3314 845 3393 cognomine
863 3332 936 3372 vero

152 3399 290 3457 Faunum
312 3400 510 3478 cornigerum,
537 3405 694 3458 ventorum
717 3398 806 3456 sibila
827 3398 979 3456 hiantem:

153 3482 243 3557 Quod
265 3486 367 3561 magni
389 3484 604 3544 omnis‘habas
627 3481 783 3560 signacula
804 3481 932 3547 daedala
951 3479 1063 3541 mundi.

153 3568 223 3627 Huc
246 3569 338 3629 adeas
362 3570 433 3628 here
452 3567 623 3629 flaminibus
645 3587 702 3645 pro
725 3565 862 3643 supplice
881 3573 977 3625 votos
1063 3571 1065 3577 ’

796 3661 862 3722 25*
