<?xml version="1.0" encoding="UTF-8"?>
<!DOCTYPE html PUBLIC "-//W3C//DTD XHTML 1.0 Transitional//EN"
    "http://www.w3.org/TR/xhtml1/DTD/xhtml1-transitional.dtd">
<html xmlns="http://www.w3.org/1999/xhtml" xml:lang="en" lang="en">
 <head>
  <title>
</title>
<meta http-equiv="Content-Type" content="text/html;charset=utf-8" />
  <meta name='ocr-system' content='tesseract 3.04.00' />
  <meta name='ocr-capabilities' content='ocr_page ocr_carea ocr_par ocr_line ocrx_word'/>
</head>
<body>
  <div class='ocr_page' id='page_1' title='image "./iosephiscaliger01scalgoog_0014.png"; bbox 0 0 2532 4216; ppageno 0'>
   <div class='ocr_carea' id='block_1_1' title="bbox 567 323 587 384">
    <p class='ocr_par' dir='ltr' id='par_1_1' title="bbox 567 323 587 384">
     <span class='ocr_line' id='line_1_1' title="bbox 567 323 587 384; baseline 0 0"><span class='ocrx_word' id='word_1_1' title='bbox 567 323 587 384; x_wconf 82' lang='grc'>9</span> 
     </span>
    </p>
   </div>
   <div class='ocr_carea' id='block_1_2' title="bbox 112 491 626 3609">
    <p class='ocr_par' dir='ltr' id='par_1_2' title="bbox 161 491 595 822">
     <span class='ocr_line' id='line_1_2' title="bbox 161 491 521 571; baseline -0.006 -18"><span class='ocrx_word' id='word_1_2' title='bbox 161 491 268 553; x_wconf 82' lang='lat' dir='ltr'>Corda</span> <span class='ocrx_word' id='word_1_3' title='bbox 289 492 383 571; x_wconf 81' lang='lat' dir='ltr'>figitis</span> <span class='ocrx_word' id='word_1_4' title='bbox 404 492 521 566; x_wconf 43' lang='lat' dir='ltr'>intima</span> 
     </span>
     <span class='ocr_line' id='line_1_3' title="bbox 162 576 595 654; baseline 0 -15"><span class='ocrx_word' id='word_1_5' title='bbox 162 576 309 639; x_wconf 85' lang='lat' dir='ltr'>Sauciate</span> <span class='ocrx_word' id='word_1_6' title='bbox 325 596 384 654; x_wconf 89' lang='lat' dir='ltr'>par</span> <span class='ocrx_word' id='word_1_7' title='bbox 401 579 457 636; x_wconf 81' lang='lat' dir='ltr'>hoc</span> <span class='ocrx_word' id='word_1_8' title='bbox 478 598 595 639; x_wconf 83' lang='lat' dir='ltr'>uorum.</span> 
     </span>
     <span class='ocr_line' id='line_1_4' title="bbox 162 660 563 738; baseline 0.002 -17"><span class='ocrx_word' id='word_1_9' title='bbox 162 664 256 721; x_wconf 86' lang='lat' dir='ltr'>Anna</span> <span class='ocrx_word' id='word_1_10' title='bbox 279 660 418 738; x_wconf 86' lang='lat' dir='ltr'>Gaspare</span> <span class='ocrx_word' id='word_1_11' title='bbox 439 663 563 723; x_wconf 82' lang='lat' dir='ltr'>ferveat.</span> 
     </span>
     <span class='ocr_line' id='line_1_5' title="bbox 164 745 548 822; baseline 0.003 -16"><span class='ocrx_word' id='word_1_12' title='bbox 164 745 289 822; x_wconf 87' lang='lat' dir='ltr'>Gaspar</span> <span class='ocrx_word' id='word_1_13' title='bbox 310 755 429 806; x_wconf 78' lang='lat' dir='ltr'>aestuet</span> <span class='ocrx_word' id='word_1_14' title='bbox 449 749 548 807; x_wconf 80' lang='lat' dir='ltr'>Anna.</span> 
     </span>
    </p>

    <p class='ocr_par' dir='ltr' id='par_1_3' title="bbox 112 832 613 1248">
     <span class='ocr_line' id='line_1_6' title="bbox 112 832 530 909; baseline -0.005 -16"><span class='ocrx_word' id='word_1_15' title='bbox 112 832 224 893; x_wconf 85' lang='lat' dir='ltr'>Ambo</span> <span class='ocrx_word' id='word_1_16' title='bbox 246 850 384 909; x_wconf 79' lang='lat' dir='ltr'>compare</span> <span class='ocrx_word' id='word_1_17' title='bbox 405 832 530 891; x_wconf 88' lang='lat' dir='ltr'>vulnere</span> 
     </span>
     <span class='ocr_line' id='line_1_7' title="bbox 166 915 510 981; baseline 0.003 -7"><span class='ocrx_word' id='word_1_18' title='bbox 166 915 296 981; x_wconf 81' lang='lat' dir='ltr'>Saucius</span> <span class='ocrx_word' id='word_1_19' title='bbox 316 917 372 975; x_wconf 89' lang='lat' dir='ltr'>tibi</span> <span class='ocrx_word' id='word_1_20' title='bbox 389 917 510 975; x_wconf 84' lang='lat' dir='ltr'>tradidi.</span> 
     </span>
     <span class='ocr_line' id='line_1_8' title="bbox 163 993 613 1062; baseline 0.002 -2"><span class='ocrx_word' id='word_1_21' title='bbox 163 993 282 1060; x_wconf 82' lang='lat' dir='ltr'>Funeta</span> <span class='ocrx_word' id='word_1_22' title='bbox 302 1020 425 1059; x_wconf 89' lang='lat' dir='ltr'>munere</span> <span class='ocrx_word' id='word_1_23' title='bbox 448 1020 514 1062; x_wconf 90' lang='lat' dir='ltr'>sum</span> <span class='ocrx_word' id='word_1_24' title='bbox 536 1022 613 1061; x_wconf 88' lang='lat' dir='ltr'>meo.</span> 
     </span>
     <span class='ocr_line' id='line_1_9' title="bbox 163 1086 530 1164; baseline 0 -19"><span class='ocrx_word' id='word_1_25' title='bbox 163 1086 248 1164; x_wconf 83' lang='lat' dir='ltr'>Ergo</span> <span class='ocrx_word' id='word_1_26' title='bbox 268 1086 393 1163; x_wconf 85' lang='lat' dir='ltr'>fungere</span> <span class='ocrx_word' id='word_1_27' title='bbox 413 1093 445 1144; x_wconf 88' lang='lat' dir='ltr'>tu</span> <span class='ocrx_word' id='word_1_28' title='bbox 466 1096 530 1159; x_wconf 77' lang='lat' dir='ltr'>tuo,</span> 
     </span>
     <span class='ocr_line' id='line_1_10' title="bbox 165 1170 516 1248; baseline 0.003 -20"><span class='ocrx_word' id='word_1_29' title='bbox 165 1170 351 1248; x_wconf 85' lang='lat' dir='ltr'>Hymenille‚</span> <span class='ocrx_word' id='word_1_30' title='bbox 370 1172 516 1230; x_wconf 83' lang='lat' dir='ltr'>vicissim.</span> 
     </span>
    </p>

    <p class='ocr_par' dir='ltr' id='par_1_4' title="bbox 116 1256 563 1654">
     <span class='ocr_line' id='line_1_11' title="bbox 116 1256 503 1316; baseline -0.005 0"><span class='ocrx_word' id='word_1_31' title='bbox 116 1258 187 1316; x_wconf 84' lang='lat' dir='ltr'>Fae</span> <span class='ocrx_word' id='word_1_32' title='bbox 207 1274 294 1314; x_wconf 86' lang='lat' dir='ltr'>saera</span> <span class='ocrx_word' id='word_1_33' title='bbox 313 1264 423 1315; x_wconf 85' lang='lat' dir='ltr'>coeant</span> <span class='ocrx_word' id='word_1_34' title='bbox 443 1256 503 1314; x_wconf 88' lang='lat' dir='ltr'>lide</span> 
     </span>
     <span class='ocr_line' id='line_1_12' title="bbox 164 1340 562 1399; baseline 0 -1"><span class='ocrx_word' id='word_1_35' title='bbox 164 1340 294 1398; x_wconf 77' lang='lat' dir='ltr'>Pectora</span> <span class='ocrx_word' id='word_1_36' title='bbox 314 1340 450 1399; x_wconf 89' lang='lat' dir='ltr'>unanimi</span> <span class='ocrx_word' id='word_1_37' title='bbox 472 1340 562 1399; x_wconf 88' lang='lat' dir='ltr'>simul</span> 
     </span>
     <span class='ocr_line' id='line_1_13' title="bbox 166 1425 513 1503; baseline 0 -20"><span class='ocrx_word' id='word_1_38' title='bbox 166 1425 351 1501; x_wconf 87' lang='lat' dir='ltr'>Temperata</span> <span class='ocrx_word' id='word_1_39' title='bbox 372 1425 513 1503; x_wconf 80' lang='lat' dir='ltr'>eoagu103</span> 
     </span>
     <span class='ocr_line' id='line_1_14' title="bbox 164 1510 563 1586; baseline 0.005 -19"><span class='ocrx_word' id='word_1_40' title='bbox 164 1510 253 1586; x_wconf 77' lang='lat' dir='ltr'>Quae</span> <span class='ocrx_word' id='word_1_41' title='bbox 278 1510 342 1568; x_wconf 85' lang='lat' dir='ltr'>dies</span> <span class='ocrx_word' id='word_1_42' title='bbox 366 1510 563 1586; x_wconf 83' lang='lat' dir='ltr'>querimoniis</span> 
     </span>
     <span class='ocr_line' id='line_1_15' title="bbox 164 1594 500 1654; baseline -0.006 0"><span class='ocrx_word' id='word_1_43' title='bbox 164 1594 261 1654; x_wconf 87' lang='lat' dir='ltr'>Nulla</span> <span class='ocrx_word' id='word_1_44' title='bbox 282 1595 396 1653; x_wconf 84' lang='lat' dir='ltr'>dividat</span> <span class='ocrx_word' id='word_1_45' title='bbox 417 1596 500 1654; x_wconf 88' lang='lat' dir='ltr'>olim.</span> 
     </span>
    </p>

    <p class='ocr_par' dir='ltr' id='par_1_5' title="bbox 115 1680 595 1927">
     <span class='ocr_line' id='line_1_16' title="bbox 115 1680 592 1756; baseline -0.004 -18"><span class='ocrx_word' id='word_1_46' title='bbox 115 1680 217 1756; x_wconf 79' lang='lat' dir='ltr'>Quod</span> <span class='ocrx_word' id='word_1_47' title='bbox 235 1680 275 1738; x_wconf 87' lang='lat' dir='ltr'>sit</span> <span class='ocrx_word' id='word_1_48' title='bbox 292 1681 391 1738; x_wconf 88' lang='lat' dir='ltr'>omine</span> <span class='ocrx_word' id='word_1_49' title='bbox 412 1699 478 1738; x_wconf 90' lang='lat' dir='ltr'>eum</span> <span class='ocrx_word' id='word_1_50' title='bbox 501 1680 592 1750; x_wconf 82' lang='lat' dir='ltr'>bono,</span> 
     </span>
     <span class='ocr_line' id='line_1_17' title="bbox 165 1764 595 1842; baseline -0.012 -17"><span class='ocrx_word' id='word_1_51' title='bbox 165 1765 266 1825; x_wconf 87' lang='lat' dir='ltr'>Omne</span> <span class='ocrx_word' id='word_1_52' title='bbox 286 1764 460 1842; x_wconf 64' lang='lat' dir='ltr'>coniugibus</span> <span class='ocrx_word' id='word_1_53' title='bbox 483 1765 595 1823; x_wconf 91' lang='lat' dir='ltr'>bonum</span> 
     </span>
     <span class='ocr_line' id='line_1_18' title="bbox 161 1849 539 1927; baseline -0.008 -19"><span class='ocrx_word' id='word_1_54' title='bbox 161 1850 336 1927; x_wconf 84' lang='lat' dir='ltr'>Imprecare</span> <span class='ocrx_word' id='word_1_55' title='bbox 357 1849 539 1925; x_wconf 87' lang='lat' dir='ltr'>perenniter.</span> 
     </span>
    </p>

    <p class='ocr_par' dir='ltr' id='par_1_6' title="bbox 162 1934 496 2095">
     <span class='ocr_line' id='line_1_19' title="bbox 162 1934 496 2011; baseline -0.003 -18"><span class='ocrx_word' id='word_1_56' title='bbox 162 1936 193 1993; x_wconf 75' lang='lat' dir='ltr'>A</span> <span class='ocrx_word' id='word_1_57' title='bbox 210 1934 371 2011; x_wconf 88' lang='lat' dir='ltr'>penatibus</span> <span class='ocrx_word' id='word_1_58' title='bbox 394 1934 496 1992; x_wconf 88' lang='lat' dir='ltr'>omnia</span> 
     </span>
     <span class='ocr_line' id='line_1_20' title="bbox 163 2019 490 2095; baseline 0 -17"><span class='ocrx_word' id='word_1_59' title='bbox 163 2019 340 2095; x_wconf 88' lang='lat' dir='ltr'>Depreeare</span> <span class='ocrx_word' id='word_1_60' title='bbox 361 2019 490 2078; x_wconf 87' lang='lat' dir='ltr'>nefasta.</span> 
     </span>
    </p>

    <p class='ocr_par' dir='ltr' id='par_1_7' title="bbox 113 2105 557 2520">
     <span class='ocr_line' id='line_1_21' title="bbox 113 2105 532 2175; baseline -0.005 -8"><span class='ocrx_word' id='word_1_61' title='bbox 113 2105 226 2167; x_wconf 82' lang='lat' dir='ltr'>Pestis</span> <span class='ocrx_word' id='word_1_62' title='bbox 249 2105 339 2175; x_wconf 86' lang='lat' dir='ltr'>absit,</span> <span class='ocrx_word' id='word_1_63' title='bbox 361 2112 391 2162; x_wconf 92' lang='lat' dir='ltr'>et</span> <span class='ocrx_word' id='word_1_64' title='bbox 409 2105 532 2165; x_wconf 86' lang='lat' dir='ltr'>orbitas.</span> 
     </span>
     <span class='ocr_line' id='line_1_22' title="bbox 164 2187 557 2249; baseline -0.003 0"><span class='ocrx_word' id='word_1_65' title='bbox 164 2188 306 2249; x_wconf 85' lang='lat' dir='ltr'>Gaudeat</span> <span class='ocrx_word' id='word_1_66' title='bbox 326 2187 434 2248; x_wconf 89' lang='lat' dir='ltr'>domus</span> <span class='ocrx_word' id='word_1_67' title='bbox 456 2209 557 2249; x_wconf 88' lang='lat' dir='ltr'>annua</span> 
     </span>
     <span class='ocr_line' id='line_1_23' title="bbox 161 2273 546 2352; baseline 0.005 -20"><span class='ocrx_word' id='word_1_68' title='bbox 161 2273 264 2332; x_wconf 90' lang='lat' dir='ltr'>Prole.</span> <span class='ocrx_word' id='word_1_69' title='bbox 285 2273 448 2351; x_wconf 81' lang='lat' dir='ltr'>frugiferas</span> <span class='ocrx_word' id='word_1_70' title='bbox 471 2295 546 2352; x_wconf 87' lang='lat' dir='ltr'>opes</span> 
     </span>
     <span class='ocr_line' id='line_1_24' title="bbox 166 2357 507 2417; baseline 0 0"><span class='ocrx_word' id='word_1_71' title='bbox 166 2359 250 2417; x_wconf 88' lang='lat' dir='ltr'>Rure</span> <span class='ocrx_word' id='word_1_72' title='bbox 271 2357 377 2417; x_wconf 87' lang='lat' dir='ltr'>fundat</span> <span class='ocrx_word' id='word_1_73' title='bbox 397 2359 507 2417; x_wconf 85' lang='lat' dir='ltr'>adorea</span> 
     </span>
     <span class='ocr_line' id='line_1_25' title="bbox 164 2443 475 2520; baseline 0 -18"><span class='ocrx_word' id='word_1_74' title='bbox 164 2444 238 2502; x_wconf 87' lang='lat' dir='ltr'>Dite</span> <span class='ocrx_word' id='word_1_75' title='bbox 259 2443 349 2520; x_wconf 84' lang='lat' dir='ltr'>eopia</span> <span class='ocrx_word' id='word_1_76' title='bbox 373 2460 475 2503; x_wconf 85' lang='lat' dir='ltr'>cornu.</span> 
     </span>
    </p>

    <p class='ocr_par' dir='ltr' id='par_1_8' title="bbox 119 2528 626 2944">
     <span class='ocr_line' id='line_1_26' title="bbox 119 2528 626 2602; baseline -0.004 -13"><span class='ocrx_word' id='word_1_77' title='bbox 119 2531 191 2602; x_wconf 83' lang='lat' dir='ltr'>Eia,</span> <span class='ocrx_word' id='word_1_78' title='bbox 213 2528 280 2602; x_wconf 86' lang='lat' dir='ltr'>quis</span> <span class='ocrx_word' id='word_1_79' title='bbox 303 2547 395 2587; x_wconf 87' lang='lat' dir='ltr'>sonus</span> <span class='ocrx_word' id='word_1_80' title='bbox 415 2529 485 2586; x_wconf 80' lang='lat' dir='ltr'>hie?</span> <span class='ocrx_word' id='word_1_81' title='bbox 505 2529 549 2587; x_wconf 89' lang='lat' dir='ltr'>ita</span> <span class='ocrx_word' id='word_1_82' title='bbox 569 2536 626 2602; x_wconf 83' lang='lat' dir='ltr'>est,</span> 
     </span>
     <span class='ocr_line' id='line_1_27' title="bbox 164 2611 584 2692; baseline 0 -20"><span class='ocrx_word' id='word_1_83' title='bbox 164 2614 202 2672; x_wconf 92' lang='lat' dir='ltr'>In</span> <span class='ocrx_word' id='word_1_84' title='bbox 225 2611 346 2671; x_wconf 89' lang='lat' dir='ltr'>modum</span> <span class='ocrx_word' id='word_1_85' title='bbox 366 2614 422 2671; x_wconf 87' lang='lat' dir='ltr'>tibi</span> <span class='ocrx_word' id='word_1_86' title='bbox 443 2613 584 2692; x_wconf 81' lang='lat' dir='ltr'>Virgines</span> 
     </span>
     <span class='ocr_line' id='line_1_28' title="bbox 163 2697 478 2775; baseline -0.003 -19"><span class='ocrx_word' id='word_1_87' title='bbox 163 2697 324 2775; x_wconf 84' lang='lat' dir='ltr'>Nuptialia</span> <span class='ocrx_word' id='word_1_88' title='bbox 344 2699 478 2756; x_wconf 86' lang='lat' dir='ltr'>earmina</span> 
     </span>
     <span class='ocr_line' id='line_1_29' title="bbox 166 2781 567 2845; baseline -0.005 -3"><span class='ocrx_word' id='word_1_89' title='bbox 166 2781 344 2845; x_wconf 82' lang='lat' dir='ltr'>Coneinunt.</span> <span class='ocrx_word' id='word_1_90' title='bbox 365 2784 421 2841; x_wconf 89' lang='lat' dir='ltr'>tibi</span> <span class='ocrx_word' id='word_1_91' title='bbox 439 2783 567 2842; x_wconf 79' lang='lat' dir='ltr'>noctifer</span> 
     </span>
     <span class='ocr_line' id='line_1_30' title="bbox 164 2867 611 2944; baseline 0.009 -19"><span class='ocrx_word' id='word_1_92' title='bbox 164 2867 290 2942; x_wconf 89' lang='lat' dir='ltr'>Linquit</span> <span class='ocrx_word' id='word_1_93' title='bbox 310 2867 469 2944; x_wconf 88' lang='lat' dir='ltr'>Hesperus</span> <span class='ocrx_word' id='word_1_94' title='bbox 492 2868 611 2929; x_wconf 82' lang='lat' dir='ltr'>Oetam.</span> 
     </span>
    </p>

    <p class='ocr_par' dir='ltr' id='par_1_9' title="bbox 121 2952 586 3353">
     <span class='ocr_line' id='line_1_31' title="bbox 121 2952 497 3030; baseline 0.003 -19"><span class='ocrx_word' id='word_1_95' title='bbox 121 2952 249 3030; x_wconf 83' lang='lat' dir='ltr'>Impulit</span> <span class='ocrx_word' id='word_1_96' title='bbox 268 2953 394 3011; x_wconf 80' lang='lat' dir='ltr'>thalami</span> <span class='ocrx_word' id='word_1_97' title='bbox 417 2953 497 3013; x_wconf 88' lang='lat' dir='ltr'>fores</span> 
     </span>
     <span class='ocr_line' id='line_1_32' title="bbox 166 3036 573 3097; baseline -0.002 0"><span class='ocrx_word' id='word_1_98' title='bbox 166 3036 264 3097; x_wconf 87' lang='lat' dir='ltr'>Cardo</span> <span class='ocrx_word' id='word_1_99' title='bbox 286 3038 430 3097; x_wconf 86' lang='lat' dir='ltr'>stridulus</span> <span class='ocrx_word' id='word_1_100' title='bbox 452 3057 573 3097; x_wconf 84' lang='lat' dir='ltr'>aeneas.</span> 
     </span>
     <span class='ocr_line' id='line_1_33' title="bbox 167 3121 585 3200; baseline -0.002 -18"><span class='ocrx_word' id='word_1_101' title='bbox 167 3121 317 3200; x_wconf 80' lang='lat' dir='ltr'>Coniuges</span> <span class='ocrx_word' id='word_1_102' title='bbox 338 3141 394 3182; x_wconf 83' lang='lat' dir='ltr'>sua</span> <span class='ocrx_word' id='word_1_103' title='bbox 415 3124 476 3181; x_wconf 90' lang='lat' dir='ltr'>iam</span> <span class='ocrx_word' id='word_1_104' title='bbox 495 3132 585 3183; x_wconf 80' lang='lat' dir='ltr'>vocat</span> 
     </span>
     <span class='ocr_line' id='line_1_34' title="bbox 165 3207 586 3268; baseline 0.005 -2"><span class='ocrx_word' id='word_1_105' title='bbox 165 3207 262 3266; x_wconf 88' lang='lat' dir='ltr'>Hora.</span> <span class='ocrx_word' id='word_1_106' title='bbox 288 3208 349 3266; x_wconf 86' lang='lat' dir='ltr'>iam</span> <span class='ocrx_word' id='word_1_107' title='bbox 369 3208 502 3267; x_wconf 85' lang='lat' dir='ltr'>veniant.</span> <span class='ocrx_word' id='word_1_108' title='bbox 523 3216 586 3268; x_wconf 87' lang='lat' dir='ltr'>toro</span> 
     </span>
     <span class='ocr_line' id='line_1_35' title="bbox 166 3290 499 3353; baseline 0 -2"><span class='ocrx_word' id='word_1_109' title='bbox 166 3290 356 3351; x_wconf 83' lang='lat' dir='ltr'>Colloeentur</span> <span class='ocrx_word' id='word_1_110' title='bbox 375 3295 499 3353; x_wconf 86' lang='lat' dir='ltr'>eburno.</span> 
     </span>
    </p>

    <p class='ocr_par' dir='ltr' id='par_1_10' title="bbox 123 3376 572 3609">
     <span class='ocr_line' id='line_1_36' title="bbox 123 3376 572 3455; baseline 0.011 -20"><span class='ocrx_word' id='word_1_111' title='bbox 123 3376 242 3435; x_wconf 79' lang='lat' dir='ltr'>Blanda</span> <span class='ocrx_word' id='word_1_112' title='bbox 260 3377 376 3455; x_wconf 84' lang='lat' dir='ltr'>praelia</span> <span class='ocrx_word' id='word_1_113' title='bbox 400 3386 572 3440; x_wconf 79' lang='lat' dir='ltr'>conserant.</span> 
     </span>
     <span class='ocr_line' id='line_1_37' title="bbox 166 3463 502 3540; baseline 0.003 -20"><span class='ocrx_word' id='word_1_114' title='bbox 166 3463 359 3540; x_wconf 81' lang='lat' dir='ltr'>Implicentia</span> <span class='ocrx_word' id='word_1_115' title='bbox 377 3463 502 3521; x_wconf 81' lang='lat' dir='ltr'>brachia</span> 
     </span>
     <span class='ocr_line' id='line_1_38' title="bbox 166 3545 564 3609; baseline 0 -2"><span class='ocrx_word' id='word_1_116' title='bbox 166 3545 259 3607; x_wconf 84' lang='lat' dir='ltr'>Nulla</span> <span class='ocrx_word' id='word_1_117' title='bbox 275 3549 323 3609; x_wconf 84' lang='lat' dir='ltr'>ris</span> <span class='ocrx_word' id='word_1_118' title='bbox 343 3548 451 3607; x_wconf 85' lang='lat' dir='ltr'>ederae</span> <span class='ocrx_word' id='word_1_119' title='bbox 470 3556 564 3607; x_wconf 85' lang='lat' dir='ltr'>tenax</span> 
     </span>
    </p>
   </div>
   <div class='ocr_carea' id='block_1_3' title="bbox 0 0 1270 4216">
    <p class='ocr_par' dir='ltr' id='par_1_11' title="bbox 0 0 1270 4216">
     <span class='ocr_line' id='line_1_39' title="bbox 0 0 1270 4216; baseline 0 0"><span class='ocrx_word' id='word_1_120' title='bbox 0 0 1270 4216; x_wconf 95' lang='lat' dir='ltr'> </span> 
     </span>
    </p>
   </div>
  </div>
 </body>
</html>
