2604 4210
522 329 671 426 EQ-

268 497 431 574 Ambiguae
447 499 599 576 Elpenoris
620 500 758 576 suffimen,
781 509 906 559 ataraoa.
1010 501 1048 560 ll

139 580 317 641 Aoeinatuur
337 583 434 641 ferula
450 592 486 642 ‘te
507 584 616 662 legifer
636 584 735 642 inoalo
752 583 875 657 Bruma,

139 670 303 726 Aeternum
324 669 426 746 magni
446 688 559 728 numen
577 668 771 728 memorabile
793 667 899 742 Consi,

139 752 232 821 Para,
255 771 351 827 sacer,
374 754 509 832 bigener,
529 754 649 833 Regina
672 754 795 826 indicta,
817 754 932 832 virago,

138 838 207 896 Mas
231 838 348 912 eadem,
361 838 534 914 mulierque
556 839 742 912 bimembris,
763 838 886 911 Libera,
905 839 1028 898 Bruma.

139 920 213 983 sive
234 923 266 980 in
287 923 574 1001 Eleusinistemplo
595 924 719 984 laetaris
744 923 848 995 odoro,

141 1004 214 1067 Sive
237 1007 329 1066 etiam
350 1008 381 1065 in
401 1009 515 1086 Frugia
535 1027 603 1066 eum
626 1016 720 1067 matre
741 1027 853 1066 aroana
873 1003 932 1086 agi’
954 1027 1051 1082 saera,

140 1090 213 1152 Sive
236 1092 325 1151 etiam
346 1094 377 1150 in
401 1092 502 1169 Capro
527 1093 612 1171 degis
637 1114 704 1152 eum
725 1093 836 1152 Martia
856 1113 994 1152 amoena.

116 1192 119 1197 ’
140 1176 199 1234 Vel
222 1176 248 1235 si
267 1177 420 1256 frugiferis
442 1179 595 1254 persultas
617 1179 729 1254 pabula
752 1179 878 1255 eampis,

141 1259 305 1338 cornigera
327 1282 392 1321 eum
414 1272 509 1322 matre
531 1273 583 1321 tua
601 1263 687 1323 Deus
707 1264 790 1323 Iside
811 1272 926 1338 saneta,

142 1344 277 1421 Cumque
300 1349 381 1409 assis
403 1347 585 1422 famulabus,
608 1350 647 1406 ad
669 1349 750 1407 alma
768 1350 882 1408 fluenta
903 1348 1051 1408 Melonis:

140 1431 234 1490 Adsis
259 1432 329 1491 diva
348 1434 454 1492 favens
478 1436 516 1492 ob
540 1453 638 1491 rerum
660 1435 794 1509 praemia
816 1443 930 1493 saneta.

329 1603 544 1678 Temperiaram
565 1603 704 1676 saffiram,
728 1614 871 1661 aromata.
1012 1603 1052 1663 42

142 1681 333 1762 Temperies,
352 1686 436 1746 Iovis
461 1695 491 1744 et
509 1686 612 1745 Iuritis
634 1693 739 1744 sanata
757 1706 916 1765 propages,

141 1772 243 1828 Aurea
262 1770 323 1843 lex,
344 1780 374 1829 et
394 1772 454 1843 fas,
479 1779 509 1829 et
529 1789 592 1847 pax
614 1770 764 1829 ditissima
781 1791 890 1844 rerum,

141 1854 273 1927 Vernae,
294 1857 479 1932 gramineae,
499 1874 652 1932 puraeque
674 1863 704 1913 et
725 1855 956 1928 multivirentes,

143 1938 369 2013 Omnieolores,
393 1941 626 2000 suavehalantes
650 1941 756 2016 spiritu
779 1960 918 2014 amoeno,

144 2023 324 2099 Temperiae
345 2025 469 2098 virides,
491 2032 655 2097 vertentes,
678 2034 709 2083 et
729 2026 902 2101 speciosae:

142 2107 246 2168 Pallas
267 2110 391 2168 indutae
417 2112 507 2169 sertis
531 2111 713 2186 pubentibus
736 2119 833 2187 aptas,

144 2190 318 2272 Congerrae
333 2195 549 2271 Proserpinae,
577 2196 629 2254 ubi
652 2215 717 2253 eam
739 2192 918 2255 solemnibu'
939 2195 1054 2253 Pareae

142 2277 300 2339 Statieulis
320 2280 381 2337 luoi
402 2288 543 2339 revocant
566 2288 596 2338 et
618 2279 744 2339 Gratiae
765 2289 902 2339 ovantes.

141 2362 264 2423 Diiovis
282 2364 426 2440 imperiis,
453 2375 482 2423 et
499 2365 606 2424 Matris
629 2365 840 2440 opieonsivae3

143 2448 213 2507 Huo
231 2450 320 2509 mites
341 2450 379 2507 ad
401 2469 488 2508 saera
507 2451 559 2525 pia
578 2449 748 2507 instaurata
769 2450 881 2520 venite,

93 2576 96 2585 -
142 2533 299 2593 Ducentos
320 2535 469 2593 foecunda
492 2535 693 2612 propagmina
706 2541 927 2610 tempestatum.

385 2704 515 2763 Semelae
527 2706 674 2779 ‚suffimen
697 2714 824 2762 staraoa.
1013 2701 1052 2760 43

143 2787 242 2846 Elicio
263 2805 380 2863 pusam,
407 2798 583 2867 prognatam
604 2789 740 2866 principe
763 2787 889 2859 Cadmo,
940 2819 945 2828 ι
1026 2788 1028 2791 ’

142 2872 316 2931 Formosam
338 2872 501 2948 Semelam,
524 2874 703 2947 oinolnnam,
723 2873 961 2948 vestifluamque,

142 2956 184 3016 Et
205 2964 331 3016 matrem
352 2958 457 3016 Brumi
475 2959 639 3032 laetabilis,
663 2968 693 3016 et
712 2958 843 3037 ferulati.

142 3041 283 3100 Fulmina
305 3061 382 3117 quae
405 3062 491 3102 saoro
513 3045 626 3103 foetum
648 3051 858 3102 exterraneum
880 3039 990 3118 abegit,

143 3128 286 3187 Aeternis
308 3127 385 3187 Iovi'
408 3129 555 3188 consultis
579 3130 669 3186 enixa
690 3129 809 3206 puella:

144 3209 241 3285 Quam
264 3212 387 3290 dignata
410 3214 495 3291 gravi
519 3222 566 3272 est
588 3215 701 3273 florens
723 3213 911 3288 Proserpina
930 3212 1055 3283 honore,

143 3297 228 3356 Inter
251 3299 396 3357 mortales
421 3299 510 3359 trima
531 3298 570 3358 ad
594 3299 718 3357 comitia
738 3298 825 3357 festi:

144 3382 276 3458 Quando
299 3384 343 3441 tui
361 3382 468 3442 Brumi
487 3384 623 3441 referunt
644 3382 807 3460 genitabile
826 3398 959 3458 germen,

143 3467 326 3528 Anolabram
350 3487 480 3542 sacram,
502 3476 533 3526 et
552 3485 651 3525 rerum
674 3466 754 3524 haud
772 3483 883 3523 aroana
894 3463 1055 3539 profunde.

144 3553 190 3613 Te
212 3553 282 3612 Dea
302 3553 424 3628 patritia
445 3555 582 3612 obtestor
604 3559 672 3611 sata
691 3551 826 3627 principe
856 3547 983 3620 Cadmo,
