2586 4214
519 337 670 433 Q

137 506 287 579 Demens,
309 514 453 565 monente
475 514 562 583 patre
585 508 675 580 bene,
698 507 867 584 deprensus
888 520 944 571 est.

137 592 219 651 Nam
243 591 288 653 sic
306 592 464 653 mouebat:
489 590 601 664 Gnate,
626 593 735 651 bellica
753 593 820 651 clue

137 678 256 735 Virtute
274 676 385 735 vietor:
411 677 498 734 vince
521 696 588 735 cum
611 677 680 738 Dee
703 686 814 736 tamen.

138 761 252 822 Contra
275 761 329 819 ille
350 769 434 820 terve
454 761 564 821 affatur
582 781 618 821 ac
643 762 830 840 superbiter:

139 847 166 908 O
190 847 323 924 genitor,
344 846 435 907 etiam
458 847 485 906 si
507 848 576 923 quis
599 858 646 908 est
666 848 742 906 nulli
763 849 819 921 rei,

137 933 258 993 Virtute
277 931 379 990 divum
404 932 518 990 vincet:
546 940 595 993 ast
616 951 673 1010 ego
695 933 772 991 hanc
794 934 886 1006 facul,

137 1016 240 1076 Etiam
260 1017 328 1075 sine
347 1016 412 1076 illis
431 1016 599 1094 indipiscar
618 1019 756 1096 gloriam.

136 1102 223 1162 Adeo
246 1103 375 1177 superbe
399 1110 446 1160 est
468 1102 638 1178 eloquutus.
660 1103 801 1178 Denique

138 1187 237 1245 Divae
257 1187 425 1259 Minervae,
445 1188 515 1245 dum
538 1188 622 1247 illum
644 1189 675 1247 in
697 1188 916 1247 offertissumos

137 1272 287 1331 Hortatur
308 1272 409 1332 hostes
429 1282 544 1331 vertere
564 1274 707 1332 infestam
726 1292 858 1346 manum,

138 1357 262 1417 Dictum
282 1356 461 1431 obloquutus
483 1377 643 1435 perpemm
666 1366 715 1430 est
737 1365 769 1416 et
787 1359 955 1436 impotens:

139 1443 167 1502 Ο
190 1442 271 1514 diva,
297 1440 433 1502 Graecos
454 1450 592 1502 caeteros
614 1462 763 1521 praeseus
784 1464 844 1521 ope

139 1527 266 1585 Tutare:
295 1546 366 1585 nam
388 1528 419 1586 in
440 1547 498 1587 uos
521 1529 605 1587 nulla
627 1530 673 1588 vis
695 1549 814 1605 pugnae
836 1531 964 1609 ingruet.

65 1608 69 1622 “
138 1612 197 1671 His
220 1611 273 1670 ille
293 1613 396 1671 verbis
419 1613 479 1672 sibi
500 1612 585 1672 Deae
608 1614 816 1690 implacabiles

137 1697 257 1757 Ascivit
277 1697 352 1770 iras,
377 1699 497 1756 homine
519 1698 640 1775 spirans
664 1698 764 1757 altius.

138 1781 200 1844 Sed
223 1782 250 1842 si
272 1782 352 1840 diem
372 1785 465 1842 istum
483 1784 615 1859 vescitur
632 1785 708 1841 vita:
732 1782 825 1853 ilicet,

137 1868 213 1926 Eius
235 1867 364 1927 salutem
387 1886 454 1926 eum
478 1869 545 1932 Deo
567 1860 763 1927 confecimus.

138 1952 226 2011 Haec
247 1972 351 2029 augur.
373 1962 405 2011 at
426 1972 475 2011 me
497 1972 537 2013 ex
560 1954 743 2013 sessimonio
766 1951 867 2010 statim

139 2037 210 2096 Tibi
233 2037 294 2096 ista
312 2038 396 2096 misit
418 2039 621 2115 perferentem
643 2038 750 2099 sedulo

138 2121 283 2181 Mandata
305 2122 432 2199 Teucer.
457 2123 491 2184 Si
513 2142 570 2182 nec
590 2125 696 2185 adsum
718 2122 860 2199 tempori,
994 2194 996 2199 Ι

138 2207 209 2267 Nou
233 2217 358 2284 superat
378 2209 442 2279 ille,
463 2209 580 2286 siquid
603 2212 652 2269 hic
675 2209 805 2271 Calchas
826 2208 915 2283 sapit.

139 2291 194 2352 ch.
237 2292 415 2366 Tecmessa,
439 2296 551 2353 misera
569 2296 690 2367 mulier,
713 2292 821 2352 infelix
842 2311 949 2369 genus,

140 2378 271 2450 Accede,
292 2387 324 2439 et
345 2379 427 2452 audi,
447 2380 549 2454 qualia
570 2381 619 2438 bie
640 2380 734 2438 verba
755 2378 919 2454 obstrepit-z
1053 2378 1103 2433 785

140 2460 229 2536 Quae
252 2464 394 2541 gaudium
416 2483 506 2522 omne
530 2472 725 2541 expectarent
744 2463 846 2521 animo
865 2461 947 2521 mihi.

140 2548 214 2607 Teo.
259 2548 340 2624 Quid
361 2567 409 2607 me
430 2549 582 2608 misellam
597 2550 650 2607 vix
671 2548 875 2624 quiescentem
901 2566 920 2604 a
940 2547 1029 2605 malis

141 2635 210 2692 Meo
229 2642 369 2692 recenter
388 2634 527 2692 excitatis
550 2633 587 2691 de
608 2633 708 2692 statui

139 2716 195 2777 Ch.
243 2719 314 2777 Tibi
337 2737 410 2796 erge
434 2718 515 2776 dicat
532 2712 606 2778 ista:
632 2737 702 2777 uam
725 2736 774 2774 me
796 2716 833 2774 de
852 2725 904 2775 tuo
1001 2742 1004 2749 ¹

138 2804 233 2862 Aiace
255 2822 334 2881 quae
355 2805 499 2876 narravit,
522 2803 699 2863 exanimant
717 2811 808 2861 metu.
1053 2805 1105 2858 790

139 2887 213 2947 Tec.
261 2887 344 2962 Hau,
353 2889 396 2947 mi
405 2889 503 2961 hemo,
515 2890 587 2964 quid
599 2889 666 2948 ais?
678 2908 717 2947 au
729 2887 850 2964 penitus
858 2905 916 2963 ego
934 2886 1053 2945 cecidi?

138 2972 237 3032 Nunc.
259 2973 308 3033 De
330 2981 361 3033 te
381 2974 457 3031 nihil
478 2975 641 3051 promitto:
665 2974 702 3032 de
722 2972 816 3031 Aiace
835 2979 979 3043 attamen,

139 3056 174 3119 Si
194 3057 361 3118 eliminavit
381 3058 445 3131 ille,
465 3079 528 3117 non
551 3079 672 3136 sperem
694 3060 782 3117 bene.

139 3142 212 3202 Tee.
265 3144 443 3203 Eliminavit
464 3145 491 3203 is
515 3145 647 3221 quidem,
670 3152 704 3202 ut
725 3150 871 3201 metuam:
893 3140 965 3215 quid
986 3140 1053 3200 est?

137 3227 237 3289 Nunc.
262 3229 383 3288 Ineludi
402 3238 506 3306 aperte
526 3230 617 3289 iussit
635 3230 721 3288 illum
743 3229 822 3286 iutra
843 3226 948 3285 domus
1053 3228 1105 3283 795
1204 3255 1206 3259 ·

138 3312 294 3391 consepta
316 3314 444 3385 Teucer,
464 3334 520 3373 nec
539 3316 624 3375 feras
646 3315 793 3373 amittere.

139 3398 212 3458 Teo.
260 3400 322 3479 Ubi
343 3400 412 3477 ipse
435 3399 573 3459 Teucer?
601 3419 653 3459 eur
673 3400 701 3458 is
723 3400 800 3456 haee
816 3397 894 3455 adeo
915 3396 1021 3455 iubet?

138 3482 239 3544 Nune.
261 3484 327 3542 Iam
348 3505 419 3545 mox
439 3485 550 3543 redibit
570 3485 632 3544 ille.
650 3493 801 3544 caeterum
823 3481 937 3541 exitum

138 3568 279 3628 Hominis
299 3570 337 3627 ad
357 3571 478 3648 aliquod
495 3570 619 3628 tendere
642 3570 767 3629 exitium
788 3576 933 3628 autumat.
