<?xml version="1.0" encoding="UTF-8"?>
<!DOCTYPE html PUBLIC "-//W3C//DTD XHTML 1.0 Transitional//EN"
    "http://www.w3.org/TR/xhtml1/DTD/xhtml1-transitional.dtd">
<html xmlns="http://www.w3.org/1999/xhtml" xml:lang="en" lang="en">
 <head>
  <title>
</title>
<meta http-equiv="Content-Type" content="text/html;charset=utf-8" />
  <meta name='ocr-system' content='tesseract 3.04.00' />
  <meta name='ocr-capabilities' content='ocr_page ocr_carea ocr_par ocr_line ocrx_word'/>
</head>
<body>
  <div class='ocr_page' id='page_1' title='image "./iosephiscaliger01scalgoog_0390.png"; bbox 0 0 2604 4210; ppageno 0'>
   <div class='ocr_carea' id='block_1_1' title="bbox 552 357 614 417">
    <p class='ocr_par' dir='ltr' id='par_1_1' title="bbox 552 357 614 417">
     <span class='ocr_line' id='line_1_1' title="bbox 552 357 614 417; baseline 0.016 -1"><span class='ocrx_word' id='word_1_1' title='bbox 552 357 614 417; x_wconf 73' lang='grc'><strong>385</strong></span> 
     </span>
    </p>
   </div>
   <div class='ocr_carea' id='block_1_2' title="bbox 80 525 1038 1368">
    <p class='ocr_par' dir='ltr' id='par_1_2' title="bbox 80 525 865 605">
     <span class='ocr_line' id='line_1_2' title="bbox 80 525 865 605; baseline 0 -19"><span class='ocrx_word' id='word_1_2' title='bbox 80 528 82 532; x_wconf 75' lang='grc'><strong>’</strong></span> <span class='ocrx_word' id='word_1_3' title='bbox 125 525 249 597; x_wconf 85' lang='lat' dir='ltr'><strong>Viuule,</strong></span> <span class='ocrx_word' id='word_1_4' title='bbox 269 525 439 597; x_wconf 78' lang='lat' dir='ltr'><strong>Multiuole,</strong></span> <span class='ocrx_word' id='word_1_5' title='bbox 462 526 676 598; x_wconf 77' lang='lat' dir='ltr'><strong>internuntius,</strong></span> <span class='ocrx_word' id='word_1_6' title='bbox 699 528 865 605; x_wconf 82' lang='lat' dir='ltr'><strong>Argiletha,</strong></span> 
     </span>
    </p>

    <p class='ocr_par' dir='ltr' id='par_1_3' title="bbox 81 608 1038 944">
     <span class='ocr_line' id='line_1_3' title="bbox 125 608 954 688; baseline 0.001 -16"><span class='ocrx_word' id='word_1_7' title='bbox 125 610 246 688; x_wconf 77' lang='lat' dir='ltr'><strong>Alipes,</strong></span> <span class='ocrx_word' id='word_1_8' title='bbox 269 619 301 669; x_wconf 86' lang='lat' dir='ltr'><strong>et</strong></span> <span class='ocrx_word' id='word_1_9' title='bbox 320 610 493 670; x_wconf 79' lang='lat' dir='ltr'><strong>mortalium</strong></span> <span class='ocrx_word' id='word_1_10' title='bbox 517 631 614 685; x_wconf 88' lang='lat' dir='ltr'><strong>amor,</strong></span> <span class='ocrx_word' id='word_1_11' title='bbox 640 608 782 671; x_wconf 87' lang='lat' dir='ltr'><strong>sermoni&#39;</strong></span> <span class='ocrx_word' id='word_1_12' title='bbox 802 613 954 673; x_wconf 80' lang='lat' dir='ltr'><strong>minister:</strong></span> 
     </span>
     <span class='ocr_line' id='line_1_4' title="bbox 126 693 1038 770; baseline 0.005 -17"><span class='ocrx_word' id='word_1_13' title='bbox 126 693 224 768; x_wconf 77' lang='lat' dir='ltr'><strong>Quem</strong></span> <span class='ocrx_word' id='word_1_14' title='bbox 236 696 332 769; x_wconf 78' lang='lat' dir='ltr'><strong>fraus,</strong></span> <span class='ocrx_word' id='word_1_15' title='bbox 345 714 434 770; x_wconf 89' lang='lat' dir='ltr'><strong>quem</strong></span> <span class='ocrx_word' id='word_1_16' title='bbox 443 698 607 755; x_wconf 80' lang='lat' dir='ltr'><strong>certamina</strong></span> <span class='ocrx_word' id='word_1_17' title='bbox 618 696 751 765; x_wconf 75' lang='lat' dir='ltr'><strong>adulant,</strong></span> <span class='ocrx_word' id='word_1_18' title='bbox 764 697 884 756; x_wconf 83' lang='lat' dir='ltr'><strong>almifer</strong></span> <span class='ocrx_word' id='word_1_19' title='bbox 895 699 1038 758; x_wconf 89' lang='lat' dir='ltr'><strong>omnium.</strong></span> 
     </span>
     <span class='ocr_line' id='line_1_5' title="bbox 81 780 837 859; baseline 0.001 -21"><span class='ocrx_word' id='word_1_20' title='bbox 81 814 85 826; x_wconf 63' lang='grc' dir='ltr'><em>ι</em></span> <span class='ocrx_word' id='word_1_21' title='bbox 125 780 281 857; x_wconf 84' lang='lat' dir='ltr'><strong>Interpres</strong></span> <span class='ocrx_word' id='word_1_22' title='bbox 303 782 405 839; x_wconf 85' lang='lat' dir='ltr'><strong>variae</strong></span> <span class='ocrx_word' id='word_1_23' title='bbox 420 781 550 859; x_wconf 85' lang='lat' dir='ltr'><strong>linguai,</strong></span> <span class='ocrx_word' id='word_1_24' title='bbox 570 780 714 841; x_wconf 84' lang='lat' dir='ltr'><strong>Nundine</strong></span> <span class='ocrx_word' id='word_1_25' title='bbox 734 782 837 854; x_wconf 90' lang='lat' dir='ltr'><strong>Liber,</strong></span> 
     </span>
     <span class='ocr_line' id='line_1_6' title="bbox 127 863 889 944; baseline -0.003 -18"><span class='ocrx_word' id='word_1_26' title='bbox 127 863 334 943; x_wconf 87' lang='lat' dir='ltr'><strong>Sanguineum</strong></span> <span class='ocrx_word' id='word_1_27' title='bbox 355 873 480 944; x_wconf 79' lang='lat' dir='ltr'><strong>gestans</strong></span> <span class='ocrx_word' id='word_1_28' title='bbox 505 867 667 924; x_wconf 84' lang='lat' dir='ltr'><strong>oadueeum</strong></span> <span class='ocrx_word' id='word_1_29' title='bbox 688 867 771 943; x_wconf 83' lang='lat' dir='ltr'><strong>pacis</strong></span> <span class='ocrx_word' id='word_1_30' title='bbox 794 867 889 925; x_wconf 80' lang='lat' dir='ltr'><strong>amice</strong></span> 
     </span>
    </p>

    <p class='ocr_par' dir='ltr' id='par_1_4' title="bbox 124 949 809 1028">
     <span class='ocr_line' id='line_1_7' title="bbox 124 949 809 1028; baseline -0.003 -18"><span class='ocrx_word' id='word_1_31' title='bbox 124 951 229 1028; x_wconf 80' lang='lat' dir='ltr'><strong>Frugi,</strong></span> <span class='ocrx_word' id='word_1_32' title='bbox 252 949 426 1024; x_wconf 84' lang='lat' dir='ltr'><strong>Oorueiota,</strong></span> <span class='ocrx_word' id='word_1_33' title='bbox 448 952 601 1024; x_wconf 85' lang='lat' dir='ltr'><strong>Loouteie,</strong></span> <span class='ocrx_word' id='word_1_34' title='bbox 623 952 691 1025; x_wconf 86' lang='lat' dir='ltr'><strong>Aie,</strong></span> <span class='ocrx_word' id='word_1_35' title='bbox 710 953 809 1024; x_wconf 86' lang='lat' dir='ltr'><strong>beate,</strong></span> 
     </span>
    </p>

    <p class='ocr_par' dir='ltr' id='par_1_5' title="bbox 125 1035 1015 1198">
     <span class='ocr_line' id='line_1_8' title="bbox 126 1035 1015 1112; baseline 0.001 -18"><span class='ocrx_word' id='word_1_36' title='bbox 126 1037 227 1112; x_wconf 82' lang='lat' dir='ltr'><strong>Atque</strong></span> <span class='ocrx_word' id='word_1_37' title='bbox 248 1055 368 1112; x_wconf 87' lang='lat' dir='ltr'><strong>operum</strong></span> <span class='ocrx_word' id='word_1_38' title='bbox 392 1035 505 1109; x_wconf 86' lang='lat' dir='ltr'><strong>Titule,</strong></span> <span class='ocrx_word' id='word_1_39' title='bbox 531 1046 561 1095; x_wconf 90' lang='lat' dir='ltr'><strong>et</strong></span> <span class='ocrx_word' id='word_1_40' title='bbox 582 1036 693 1094; x_wconf 87' lang='lat' dir='ltr'><strong>Titane</strong></span> <span class='ocrx_word' id='word_1_41' title='bbox 714 1036 884 1094; x_wconf 82' lang='lat' dir='ltr'><strong>neoessibu’</strong></span> <span class='ocrx_word' id='word_1_42' title='bbox 904 1038 1015 1095; x_wconf 87' lang='lat' dir='ltr'><strong>rebus:</strong></span> 
     </span>
     <span class='ocr_line' id='line_1_9' title="bbox 125 1120 913 1198; baseline 0 -20"><span class='ocrx_word' id='word_1_43' title='bbox 125 1120 166 1178; x_wconf 75' lang='lat' dir='ltr'><strong>Et</strong></span> <span class='ocrx_word' id='word_1_44' title='bbox 187 1121 356 1181; x_wconf 83' lang='lat' dir='ltr'><strong>mortalibu’</strong></span> <span class='ocrx_word' id='word_1_45' title='bbox 376 1122 559 1198; x_wconf 83' lang='lat' dir='ltr'><strong>praesidium</strong></span> <span class='ocrx_word' id='word_1_46' title='bbox 581 1121 753 1179; x_wconf 86' lang='lat' dir='ltr'><strong>venerabile</strong></span> <span class='ocrx_word' id='word_1_47' title='bbox 777 1121 913 1198; x_wconf 88' lang='lat' dir='ltr'><strong>linguae3</strong></span> 
     </span>
    </p>

    <p class='ocr_par' dir='ltr' id='par_1_6' title="bbox 127 1206 879 1278">
     <span class='ocr_line' id='line_1_10' title="bbox 127 1206 879 1278; baseline -0.001 -14"><span class='ocrx_word' id='word_1_48' title='bbox 127 1206 221 1265; x_wconf 84' lang='lat' dir='ltr'><strong>Adsis</strong></span> <span class='ocrx_word' id='word_1_49' title='bbox 243 1207 343 1264; x_wconf 88' lang='lat' dir='ltr'><strong>oranti</strong></span> <span class='ocrx_word' id='word_1_50' title='bbox 366 1207 446 1264; x_wconf 88' lang='lat' dir='ltr'><strong>vitae</strong></span> <span class='ocrx_word' id='word_1_51' title='bbox 468 1206 582 1264; x_wconf 86' lang='lat' dir='ltr'><strong>addens</strong></span> <span class='ocrx_word' id='word_1_52' title='bbox 604 1207 719 1264; x_wconf 87' lang='lat' dir='ltr'><strong>exitum</strong></span> <span class='ocrx_word' id='word_1_53' title='bbox 739 1208 879 1278; x_wconf 86' lang='lat' dir='ltr'><strong>amioum,</strong></span> 
     </span>
    </p>

    <p class='ocr_par' dir='ltr' id='par_1_7' title="bbox 128 1282 969 1368">
     <span class='ocr_line' id='line_1_11' title="bbox 128 1282 969 1368; baseline -0.001 -19"><span class='ocrx_word' id='word_1_54' title='bbox 128 1289 218 1349; x_wconf 86' lang='lat' dir='ltr'><strong>Cultu</strong></span> <span class='ocrx_word' id='word_1_55' title='bbox 237 1311 372 1368; x_wconf 87' lang='lat' dir='ltr'><strong>operum,</strong></span> <span class='ocrx_word' id='word_1_56' title='bbox 394 1282 523 1351; x_wconf 77' lang='lat' dir='ltr'><strong>inemori</strong></span> <span class='ocrx_word' id='word_1_57' title='bbox 545 1291 647 1364; x_wconf 88' lang='lat' dir='ltr'><strong>menti,</strong></span> <span class='ocrx_word' id='word_1_58' title='bbox 670 1287 851 1349; x_wconf 88' lang='lat' dir='ltr'><strong>sermonibu&#39;</strong></span> <span class='ocrx_word' id='word_1_59' title='bbox 872 1290 969 1349; x_wconf 83' lang='lat' dir='ltr'><strong>laetis.</strong></span> 
     </span>
    </p>
   </div>
   <div class='ocr_carea' id='block_1_3' title="bbox 102 1459 1040 3256">
    <p class='ocr_par' dir='ltr' id='par_1_8' title="bbox 102 1459 1040 3256">
     <span class='ocr_line' id='line_1_12' title="bbox 337 1459 1040 1537; baseline 0.001 -20"><span class='ocrx_word' id='word_1_60' title='bbox 337 1459 459 1518; x_wconf 77' lang='lat' dir='ltr'><strong>Carmen</strong></span> <span class='ocrx_word' id='word_1_61' title='bbox 479 1461 604 1519; x_wconf 72' lang='lat' dir='ltr'><strong>Ioberoe</strong></span> <span class='ocrx_word' id='word_1_62' title='bbox 625 1461 827 1537; x_wconf 75' lang='lat' dir='ltr'><strong>Proserpinae.</strong></span> <span class='ocrx_word' id='word_1_63' title='bbox 999 1463 1040 1524; x_wconf 76' lang='lat'><strong>28</strong></span> 
     </span>
     <span class='ocr_line' id='line_1_13' title="bbox 126 1542 925 1621; baseline 0.005 -21"><span class='ocrx_word' id='word_1_64' title='bbox 126 1542 240 1600; x_wconf 88' lang='lat' dir='ltr'><strong>Libera</strong></span> <span class='ocrx_word' id='word_1_65' title='bbox 260 1544 443 1619; x_wconf 87' lang='lat' dir='ltr'><strong>magnanimi</strong></span> <span class='ocrx_word' id='word_1_66' title='bbox 462 1545 547 1606; x_wconf 84' lang='lat' dir='ltr'><strong>Iovis</strong></span> <span class='ocrx_word' id='word_1_67' title='bbox 569 1545 654 1604; x_wconf 84' lang='lat' dir='ltr'><strong>adsis</strong></span> <span class='ocrx_word' id='word_1_68' title='bbox 677 1544 792 1603; x_wconf 83' lang='lat' dir='ltr'><strong>incluta</strong></span> <span class='ocrx_word' id='word_1_69' title='bbox 811 1544 925 1621; x_wconf 87' lang='lat' dir='ltr'><strong>proles,</strong></span> 
     </span>
     <span class='ocr_line' id='line_1_14' title="bbox 126 1627 912 1706; baseline 0.003 -19"><span class='ocrx_word' id='word_1_70' title='bbox 126 1627 268 1704; x_wconf 88' lang='lat' dir='ltr'><strong>Unigena</strong></span> <span class='ocrx_word' id='word_1_71' title='bbox 286 1629 440 1706; x_wconf 85' lang='lat' dir='ltr'><strong>princeps,</strong></span> <span class='ocrx_word' id='word_1_72' title='bbox 469 1639 533 1688; x_wconf 88' lang='lat' dir='ltr'><strong>esto</strong></span> <span class='ocrx_word' id='word_1_73' title='bbox 556 1631 615 1688; x_wconf 88' lang='lat' dir='ltr'><strong>boe</strong></span> <span class='ocrx_word' id='word_1_74' title='bbox 632 1630 777 1687; x_wconf 80' lang='lat' dir='ltr'><strong>libamine</strong></span> <span class='ocrx_word' id='word_1_75' title='bbox 795 1638 912 1689; x_wconf 85' lang='lat' dir='ltr'><strong>macta:</strong></span> 
     </span>
     <span class='ocr_line' id='line_1_15' title="bbox 111 1711 897 1792; baseline 0.001 -20"><span class='ocrx_word' id='word_1_76' title='bbox 111 1711 246 1779; x_wconf 59' lang='lat' dir='ltr'><strong>,Coniux</strong></span> <span class='ocrx_word' id='word_1_77' title='bbox 269 1711 351 1774; x_wconf 86' lang='lat' dir='ltr'><strong>Ditis</strong></span> <span class='ocrx_word' id='word_1_78' title='bbox 374 1715 503 1787; x_wconf 86' lang='lat' dir='ltr'><strong>honora,</strong></span> <span class='ocrx_word' id='word_1_79' title='bbox 527 1715 597 1773; x_wconf 89' lang='lat' dir='ltr'><strong>boni</strong></span> <span class='ocrx_word' id='word_1_80' title='bbox 617 1715 790 1792; x_wconf 87' lang='lat' dir='ltr'><strong>largissima</strong></span> <span class='ocrx_word' id='word_1_81' title='bbox 812 1715 897 1773; x_wconf 85' lang='lat' dir='ltr'><strong>victi:</strong></span> 
     </span>
     <span class='ocr_line' id='line_1_16' title="bbox 127 1796 937 1874; baseline 0.006 -21"><span class='ocrx_word' id='word_1_82' title='bbox 127 1796 212 1870; x_wconf 80' lang='lat' dir='ltr'><strong>Quae</strong></span> <span class='ocrx_word' id='word_1_83' title='bbox 235 1799 290 1857; x_wconf 86' lang='lat' dir='ltr'><strong>sub</strong></span> <span class='ocrx_word' id='word_1_84' title='bbox 311 1800 479 1857; x_wconf 85' lang='lat' dir='ltr'><strong>visceribus</strong></span> <span class='ocrx_word' id='word_1_85' title='bbox 501 1808 597 1857; x_wconf 84' lang='lat' dir='ltr'><strong>terrae</strong></span> <span class='ocrx_word' id='word_1_86' title='bbox 619 1799 785 1858; x_wconf 86' lang='lat' dir='ltr'><strong>dominaris</strong></span> <span class='ocrx_word' id='word_1_87' title='bbox 806 1802 937 1874; x_wconf 88' lang='lat' dir='ltr'><strong>Averno,</strong></span> 
     </span>
     <span class='ocr_line' id='line_1_17' title="bbox 125 1881 1005 1963; baseline 0.006 -24"><span class='ocrx_word' id='word_1_88' title='bbox 125 1881 248 1956; x_wconf 84' lang='lat' dir='ltr'><strong>Pariua,</strong></span> <span class='ocrx_word' id='word_1_89' title='bbox 275 1890 303 1940; x_wconf 89' lang='lat' dir='ltr'><strong>et</strong></span> <span class='ocrx_word' id='word_1_90' title='bbox 325 1884 474 1958; x_wconf 79' lang='lat' dir='ltr'><strong>cinciana,</strong></span> <span class='ocrx_word' id='word_1_91' title='bbox 496 1884 640 1958; x_wconf 86' lang='lat' dir='ltr'><strong>Iovisque</strong></span> <span class='ocrx_word' id='word_1_92' title='bbox 663 1885 783 1961; x_wconf 88' lang='lat' dir='ltr'><strong>insigne</strong></span> <span class='ocrx_word' id='word_1_93' title='bbox 806 1904 1005 1963; x_wconf 86' lang='lat' dir='ltr'><strong>propagmen,</strong></span> 
     </span>
     <span class='ocr_line' id='line_1_18' title="bbox 126 1966 887 2045; baseline 0.001 -19"><span class='ocrx_word' id='word_1_94' title='bbox 126 1968 288 2026; x_wconf 77' lang='lat' dir='ltr'><strong>Manatum</strong></span> <span class='ocrx_word' id='word_1_95' title='bbox 312 1969 454 2045; x_wconf 84' lang='lat' dir='ltr'><strong>genitrix,</strong></span> <span class='ocrx_word' id='word_1_96' title='bbox 476 1969 561 2029; x_wconf 84' lang='lat' dir='ltr'><strong>Iovis</strong></span> <span class='ocrx_word' id='word_1_97' title='bbox 582 1966 733 2029; x_wconf 86' lang='lat' dir='ltr'><strong>infernati’</strong></span> <span class='ocrx_word' id='word_1_98' title='bbox 757 1969 887 2028; x_wconf 87' lang='lat' dir='ltr'><strong>tribuna.</strong></span> 
     </span>
     <span class='ocr_line' id='line_1_19' title="bbox 128 2050 967 2131; baseline 0.006 -22"><span class='ocrx_word' id='word_1_99' title='bbox 128 2052 225 2125; x_wconf 80' lang='lat' dir='ltr'><strong>Quam</strong></span> <span class='ocrx_word' id='word_1_100' title='bbox 247 2070 358 2128; x_wconf 89' lang='lat' dir='ltr'><strong>pusam·</strong></span> <span class='ocrx_word' id='word_1_101' title='bbox 375 2072 485 2112; x_wconf 79' lang='lat' dir='ltr'><strong>arcano</strong></span> <span class='ocrx_word' id='word_1_102' title='bbox 507 2050 584 2113; x_wconf 89' lang='lat' dir='ltr'><strong>Iovi’</strong></span> <span class='ocrx_word' id='word_1_103' title='bbox 608 2055 725 2113; x_wconf 87' lang='lat' dir='ltr'><strong>semine</strong></span> <span class='ocrx_word' id='word_1_104' title='bbox 744 2057 967 2131; x_wconf 85' lang='lat' dir='ltr'><strong>progeneravit.</strong></span> 
     </span>
     <span class='ocr_line' id='line_1_20' title="bbox 128 2137 868 2215; baseline 0.004 -20"><span class='ocrx_word' id='word_1_105' title='bbox 128 2138 229 2195; x_wconf 85' lang='lat' dir='ltr'><strong>Mater</strong></span> <span class='ocrx_word' id='word_1_106' title='bbox 250 2138 422 2215; x_wconf 88' lang='lat' dir='ltr'><strong>multiorepi</strong></span> <span class='ocrx_word' id='word_1_107' title='bbox 443 2140 584 2198; x_wconf 88' lang='lat' dir='ltr'><strong>Volturni</strong></span> <span class='ocrx_word' id='word_1_108' title='bbox 607 2140 741 2197; x_wconf 86' lang='lat' dir='ltr'><strong>maxima</strong></span> <span class='ocrx_word' id='word_1_109' title='bbox 762 2137 868 2212; x_wconf 85' lang='lat' dir='ltr'><strong>Consi,</strong></span> 
     </span>
     <span class='ocr_line' id='line_1_21' title="bbox 126 2222 901 2301; baseline 0.003 -21"><span class='ocrx_word' id='word_1_110' title='bbox 126 2222 244 2280; x_wconf 89' lang='lat' dir='ltr'><strong>Lucina</strong></span> <span class='ocrx_word' id='word_1_111' title='bbox 265 2224 417 2299; x_wconf 80' lang='lat' dir='ltr'><strong>speciosa,</strong></span> <span class='ocrx_word' id='word_1_112' title='bbox 440 2233 471 2282; x_wconf 88' lang='lat' dir='ltr'><strong>et</strong></span> <span class='ocrx_word' id='word_1_113' title='bbox 486 2244 641 2301; x_wconf 79' lang='lat' dir='ltr'><strong>percoque</strong></span> <span class='ocrx_word' id='word_1_114' title='bbox 662 2224 901 2301; x_wconf 87' lang='lat' dir='ltr'><strong>Temperierum,</strong></span> 
     </span>
     <span class='ocr_line' id='line_1_22' title="bbox 127 2306 895 2387; baseline -0.001 -19"><span class='ocrx_word' id='word_1_115' title='bbox 127 2306 224 2379; x_wconf 87' lang='lat' dir='ltr'><strong>Seria,</strong></span> <span class='ocrx_word' id='word_1_116' title='bbox 246 2311 402 2384; x_wconf 83' lang='lat' dir='ltr'><strong>regnatrix</strong></span> <span class='ocrx_word' id='word_1_117' title='bbox 422 2309 576 2382; x_wconf 86' lang='lat' dir='ltr'><strong>Larunda,</strong></span> <span class='ocrx_word' id='word_1_118' title='bbox 596 2306 726 2387; x_wconf 89' lang='lat' dir='ltr'><strong>frugibu&#39;</strong></span> <span class='ocrx_word' id='word_1_119' title='bbox 750 2309 895 2385; x_wconf 84' lang='lat' dir='ltr'><strong>gliscens,</strong></span> 
     </span>
     <span class='ocr_line' id='line_1_23' title="bbox 128 2391 887 2471; baseline 0 -19"><span class='ocrx_word' id='word_1_120' title='bbox 128 2391 284 2468; x_wconf 80' lang='lat' dir='ltr'><strong>Corniger,</strong></span> <span class='ocrx_word' id='word_1_121' title='bbox 305 2393 445 2467; x_wconf 85' lang='lat' dir='ltr'><strong>illustris,</strong></span> <span class='ocrx_word' id='word_1_122' title='bbox 468 2392 640 2453; x_wconf 88' lang='lat' dir='ltr'><strong>mortalibu&#39;</strong></span> <span class='ocrx_word' id='word_1_123' title='bbox 663 2403 749 2471; x_wconf 89' lang='lat' dir='ltr'><strong>grata</strong></span> <span class='ocrx_word' id='word_1_124' title='bbox 771 2394 887 2470; x_wconf 86' lang='lat' dir='ltr'><strong>virago,</strong></span> 
     </span>
     <span class='ocr_line' id='line_1_24' title="bbox 126 2477 966 2555; baseline -0.002 -18"><span class='ocrx_word' id='word_1_125' title='bbox 126 2477 229 2547; x_wconf 79' lang='lat' dir='ltr'><strong>Flora,</strong></span> <span class='ocrx_word' id='word_1_126' title='bbox 252 2479 425 2554; x_wconf 87' lang='lat' dir='ltr'><strong>gramineae</strong></span> <span class='ocrx_word' id='word_1_127' title='bbox 451 2498 540 2555; x_wconf 88' lang='lat' dir='ltr'><strong>quam</strong></span> <span class='ocrx_word' id='word_1_128' title='bbox 563 2479 694 2537; x_wconf 84' lang='lat' dir='ltr'><strong>oblectat</strong></span> <span class='ocrx_word' id='word_1_129' title='bbox 718 2477 842 2553; x_wconf 86' lang='lat' dir='ltr'><strong>spiritus</strong></span> <span class='ocrx_word' id='word_1_130' title='bbox 866 2496 966 2550; x_wconf 89' lang='lat' dir='ltr'><strong>aurae,</strong></span> 
     </span>
     <span class='ocr_line' id='line_1_25' title="bbox 128 2557 993 2637; baseline -0.001 -15"><span class='ocrx_word' id='word_1_131' title='bbox 128 2557 240 2637; x_wconf 85' lang='lat' dir='ltr'><strong>Corpu&#39;</strong></span> <span class='ocrx_word' id='word_1_132' title='bbox 261 2571 345 2621; x_wconf 91' lang='lat' dir='ltr'><strong>tuum</strong></span> <span class='ocrx_word' id='word_1_133' title='bbox 365 2564 520 2623; x_wconf 84' lang='lat' dir='ltr'><strong>oblectans</strong></span> <span class='ocrx_word' id='word_1_134' title='bbox 543 2563 655 2621; x_wconf 87' lang='lat' dir='ltr'><strong>Terrae</strong></span> <span class='ocrx_word' id='word_1_135' title='bbox 678 2558 869 2620; x_wconf 84' lang='lat' dir='ltr'><strong>viridantibu&#39;</strong></span> <span class='ocrx_word' id='word_1_136' title='bbox 890 2562 993 2636; x_wconf 80' lang='lat' dir='ltr'><strong>foetis,</strong></span> 
     </span>
     <span class='ocr_line' id='line_1_26' title="bbox 126 2647 1019 2722; baseline 0.001 -16"><span class='ocrx_word' id='word_1_137' title='bbox 126 2647 305 2706; x_wconf 87' lang='lat' dir='ltr'><strong>Nummeria</strong></span> <span class='ocrx_word' id='word_1_138' title='bbox 323 2659 354 2707; x_wconf 87' lang='lat' dir='ltr'><strong>et</strong></span> <span class='ocrx_word' id='word_1_139' title='bbox 374 2650 467 2722; x_wconf 85' lang='lat' dir='ltr'><strong>foeta,</strong></span> <span class='ocrx_word' id='word_1_140' title='bbox 487 2649 633 2708; x_wconf 82' lang='lat' dir='ltr'><strong>Autumni</strong></span> <span class='ocrx_word' id='word_1_141' title='bbox 655 2649 711 2706; x_wconf 85' lang='lat' dir='ltr'><strong>sub</strong></span> <span class='ocrx_word' id='word_1_142' title='bbox 733 2657 867 2722; x_wconf 89' lang='lat' dir='ltr'><strong>tempore</strong></span> <span class='ocrx_word' id='word_1_143' title='bbox 889 2649 1019 2721; x_wconf 83' lang='lat' dir='ltr'><strong>nubens,</strong></span> 
     </span>
     <span class='ocr_line' id='line_1_27' title="bbox 127 2732 989 2810; baseline 0.001 -19"><span class='ocrx_word' id='word_1_144' title='bbox 127 2732 210 2801; x_wconf 83' lang='lat' dir='ltr'><strong>Vita,</strong></span> <span class='ocrx_word' id='word_1_145' title='bbox 231 2733 335 2791; x_wconf 90' lang='lat' dir='ltr'><strong>itidem</strong></span> <span class='ocrx_word' id='word_1_146' title='bbox 359 2754 442 2794; x_wconf 88' lang='lat' dir='ltr'><strong>mors</strong></span> <span class='ocrx_word' id='word_1_147' title='bbox 466 2734 534 2794; x_wconf 87' lang='lat' dir='ltr'><strong>sola</strong></span> <span class='ocrx_word' id='word_1_148' title='bbox 553 2734 657 2792; x_wconf 88' lang='lat' dir='ltr'><strong>eadem</strong></span> <span class='ocrx_word' id='word_1_149' title='bbox 681 2732 855 2792; x_wconf 84' lang='lat' dir='ltr'><strong>mortalibus</strong></span> <span class='ocrx_word' id='word_1_150' title='bbox 878 2734 989 2810; x_wconf 86' lang='lat' dir='ltr'><strong>aegris,</strong></span> 
     </span>
     <span class='ocr_line' id='line_1_28' title="bbox 127 2817 967 2891; baseline 0.001 -15"><span class='ocrx_word' id='word_1_151' title='bbox 127 2817 301 2891; x_wconf 86' lang='lat' dir='ltr'><strong>Fordioida,</strong></span> <span class='ocrx_word' id='word_1_152' title='bbox 324 2821 435 2878; x_wconf 90' lang='lat' dir='ltr'><strong>etenim</strong></span> <span class='ocrx_word' id='word_1_153' title='bbox 460 2821 522 2878; x_wconf 84' lang='lat' dir='ltr'><strong>fers</strong></span> <span class='ocrx_word' id='word_1_154' title='bbox 544 2820 655 2891; x_wconf 83' lang='lat' dir='ltr'><strong>omnia,</strong></span> <span class='ocrx_word' id='word_1_155' title='bbox 681 2826 711 2876; x_wconf 91' lang='lat' dir='ltr'><strong>et</strong></span> <span class='ocrx_word' id='word_1_156' title='bbox 733 2817 834 2876; x_wconf 92' lang='lat' dir='ltr'><strong>omnia</strong></span> <span class='ocrx_word' id='word_1_157' title='bbox 857 2819 967 2877; x_wconf 85' lang='lat' dir='ltr'><strong>caedis.</strong></span> 
     </span>
     <span class='ocr_line' id='line_1_29' title="bbox 128 2901 902 2982; baseline -0.001 -23"><span class='ocrx_word' id='word_1_158' title='bbox 128 2901 197 2960; x_wconf 89' lang='lat' dir='ltr'><strong>Huc</strong></span> <span class='ocrx_word' id='word_1_159' title='bbox 217 2903 289 2961; x_wconf 89' lang='lat' dir='ltr'><strong>bera</strong></span> <span class='ocrx_word' id='word_1_160' title='bbox 315 2905 370 2977; x_wconf 82' lang='lat' dir='ltr'><strong>sis,</strong></span> <span class='ocrx_word' id='word_1_161' title='bbox 391 2906 494 2982; x_wconf 88' lang='lat' dir='ltr'><strong>fruges</strong></span> <span class='ocrx_word' id='word_1_162' title='bbox 515 2925 532 2962; x_wconf 91' lang='lat' dir='ltr'><strong>e</strong></span> <span class='ocrx_word' id='word_1_163' title='bbox 554 2914 635 2962; x_wconf 87' lang='lat' dir='ltr'><strong>terra</strong></span> <span class='ocrx_word' id='word_1_164' title='bbox 653 2903 789 2961; x_wconf 88' lang='lat' dir='ltr'><strong>funditus</strong></span> <span class='ocrx_word' id='word_1_165' title='bbox 813 2903 902 2959; x_wconf 84' lang='lat' dir='ltr'><strong>educ:</strong></span> 
     </span>
     <span class='ocr_line' id='line_1_30' title="bbox 127 2986 810 3067; baseline 0 -23"><span class='ocrx_word' id='word_1_166' title='bbox 127 2986 246 3046; x_wconf 85' lang='lat' dir='ltr'><strong>Blanda</strong></span> <span class='ocrx_word' id='word_1_167' title='bbox 265 3007 342 3066; x_wconf 84' lang='lat' dir='ltr'><strong>paee</strong></span> <span class='ocrx_word' id='word_1_168' title='bbox 363 2991 481 3067; x_wconf 82' lang='lat' dir='ltr'><strong>vigens,</strong></span> <span class='ocrx_word' id='word_1_169' title='bbox 503 2990 679 3064; x_wconf 90' lang='lat' dir='ltr'><strong>illibataque</strong></span> <span class='ocrx_word' id='word_1_170' title='bbox 703 2988 810 3059; x_wconf 83' lang='lat' dir='ltr'><strong>salute,</strong></span> 
     </span>
     <span class='ocr_line' id='line_1_31' title="bbox 102 3071 793 3152; baseline 0.004 -23"><span class='ocrx_word' id='word_1_171' title='bbox 102 3071 168 3129; x_wconf 78' lang='lat' dir='ltr'><strong>.I·lt</strong></span> <span class='ocrx_word' id='word_1_172' title='bbox 189 3073 248 3131; x_wconf 88' lang='lat' dir='ltr'><strong>vita</strong></span> <span class='ocrx_word' id='word_1_173' title='bbox 271 3074 372 3131; x_wconf 76' lang='lat' dir='ltr'><strong>fausta</strong></span> <span class='ocrx_word' id='word_1_174' title='bbox 390 3075 492 3131; x_wconf 88' lang='lat' dir='ltr'><strong>mitem</strong></span> <span class='ocrx_word' id='word_1_175' title='bbox 512 3074 632 3152; x_wconf 88' lang='lat' dir='ltr'><strong>legante</strong></span> <span class='ocrx_word' id='word_1_176' title='bbox 655 3074 793 3146; x_wconf 86' lang='lat' dir='ltr'><strong>salutem,</strong></span> 
     </span>
     <span class='ocr_line' id='line_1_32' title="bbox 129 3154 1007 3256; baseline -0.002 -42"><span class='ocrx_word' id='word_1_177' title='bbox 129 3157 177 3215; x_wconf 87' lang='lat' dir='ltr'><strong>Ad</strong></span> <span class='ocrx_word' id='word_1_178' title='bbox 199 3165 250 3216; x_wconf 86' lang='lat' dir='ltr'><strong>tua</strong></span> <span class='ocrx_word' id='word_1_179' title='bbox 268 3159 383 3235; x_wconf 86' lang='lat' dir='ltr'><strong>templa</strong></span> <span class='ocrx_word' id='word_1_180' title='bbox 403 3158 481 3231; x_wconf 87' lang='lat' dir='ltr'><strong>Dea,</strong></span> <span class='ocrx_word' id='word_1_181' title='bbox 503 3168 540 3256; x_wconf 67' lang='lat' dir='ltr'><strong>et¹</strong></span> <span class='ocrx_word' id='word_1_182' title='bbox 554 3161 636 3235; x_wconf 89' lang='lat' dir='ltr'><strong>potis</strong></span> <span class='ocrx_word' id='word_1_183' title='bbox 659 3155 797 3217; x_wconf 82' lang='lat' dir='ltr'><strong>indufera</strong></span> <span class='ocrx_word' id='word_1_184' title='bbox 818 3158 894 3215; x_wconf 88' lang='lat' dir='ltr'><strong>atria</strong></span> <span class='ocrx_word' id='word_1_185' title='bbox 915 3154 1007 3214; x_wconf 86' lang='lat' dir='ltr'><strong>Ditis.</strong></span> 
     </span>
    </p>
   </div>
   <div class='ocr_carea' id='block_1_4' title="bbox 128 3322 1042 3662">
    <p class='ocr_par' dir='ltr' id='par_1_9' title="bbox 128 3322 1042 3662">
     <span class='ocr_line' id='line_1_33' title="bbox 302 3322 1041 3399; baseline 0.003 -14"><span class='ocrx_word' id='word_1_186' title='bbox 302 3358 304 3363; x_wconf 46' lang='lat'><strong>⁴</strong></span> <span class='ocrx_word' id='word_1_187' title='bbox 396 3329 497 3386; x_wconf 67' lang='lat' dir='ltr'><strong>Isidem</strong></span> <span class='ocrx_word' id='word_1_188' title='bbox 516 3329 623 3399; x_wconf 69' lang='lat' dir='ltr'><strong>Patria,</strong></span> <span class='ocrx_word' id='word_1_189' title='bbox 647 3338 773 3387; x_wconf 76' lang='lat' dir='ltr'><strong>storeae.</strong></span> <span class='ocrx_word' id='word_1_190' title='bbox 1000 3322 1041 3381; x_wconf 73' lang='grc'><strong>29</strong></span> 
     </span>
     <span class='ocr_line' id='line_1_34' title="bbox 129 3411 1000 3494; baseline -0.005 -24"><span class='ocrx_word' id='word_1_191' title='bbox 129 3411 277 3470; x_wconf 88' lang='lat' dir='ltr'><strong>Liberum</strong></span> <span class='ocrx_word' id='word_1_192' title='bbox 299 3431 355 3494; x_wconf 86' lang='lat' dir='ltr'><strong>ego</strong></span> <span class='ocrx_word' id='word_1_193' title='bbox 376 3432 511 3485; x_wconf 86' lang='lat' dir='ltr'><strong>veneror,</strong></span> <span class='ocrx_word' id='word_1_194' title='bbox 531 3412 805 3490; x_wconf 85' lang='lat' dir='ltr'><strong>ereperiereperum</strong></span> <span class='ocrx_word' id='word_1_195' title='bbox 826 3413 1000 3482; x_wconf 74' lang='lat' dir='ltr'><strong>fumantem,</strong></span> 
     </span>
     <span class='ocr_line' id='line_1_35' title="bbox 128 3496 1028 3575; baseline -0.003 -21"><span class='ocrx_word' id='word_1_196' title='bbox 128 3496 345 3575; x_wconf 89' lang='lat' dir='ltr'><strong>Primigeuam,</strong></span> <span class='ocrx_word' id='word_1_197' title='bbox 365 3499 529 3575; x_wconf 89' lang='lat' dir='ltr'><strong>geminum,</strong></span> <span class='ocrx_word' id='word_1_198' title='bbox 549 3496 734 3570; x_wconf 87' lang='lat' dir='ltr'><strong>Brumalem,</strong></span> <span class='ocrx_word' id='word_1_199' title='bbox 753 3505 859 3569; x_wconf 87' lang='lat' dir='ltr'><strong>terque</strong></span> <span class='ocrx_word' id='word_1_200' title='bbox 879 3501 1028 3566; x_wconf 88' lang='lat' dir='ltr'><strong>renatum,</strong></span> 
     </span>
     <span class='ocr_line' id='line_1_36' title="bbox 130 3579 1042 3662; baseline -0.005 -20"><span class='ocrx_word' id='word_1_201' title='bbox 130 3579 1042 3662; x_wconf 82' lang='lat' dir='ltr'><strong>Oomigerum,agrestem,obsoumm,aroanum,duiformem,</strong></span> 
     </span>
    </p>
   </div>
   <div class='ocr_carea' id='block_1_5' title="bbox 778 3676 818 3737">
    <p class='ocr_par' dir='ltr' id='par_1_10' title="bbox 778 3676 818 3737">
     <span class='ocr_line' id='line_1_37' title="bbox 778 3676 818 3737; baseline 0.025 -1"><span class='ocrx_word' id='word_1_202' title='bbox 778 3676 818 3737; x_wconf 77' lang='lat'><strong>25</strong></span> 
     </span>
    </p>
   </div>
   <div class='ocr_carea' id='block_1_6' title="bbox 0 0 1310 4210">
    <p class='ocr_par' dir='ltr' id='par_1_11' title="bbox 0 0 1310 4210">
     <span class='ocr_line' id='line_1_38' title="bbox 0 0 1310 4210; baseline 0 0"><span class='ocrx_word' id='word_1_203' title='bbox 0 0 1310 4210; x_wconf 95' lang='lat' dir='ltr'><strong> </strong></span> 
     </span>
    </p>
   </div>
  </div>
 </body>
</html>
