2604 4210
525 394 677 489 „Q-

139 559 192 620 Ad
213 561 292 621 vada
314 561 474 640 sanguinei
497 563 657 623 Amsancti
676 570 767 637 atque
788 564 934 624 obnubilo
943 565 1057 645 templa

141 645 464 721 Undiquerentantes
486 647 619 707 humana
639 647 762 725 piacula
782 656 918 725 propter,

141 729 288 789 Vesanas
307 740 397 807 atque
416 731 568 810 petulcae,
590 734 753 811 flagrorum
776 734 896 811 agmine
918 743 1057 809 ovantes,

65 805 74 824 ’
140 815 297 893 Angitiae,
315 816 450 890 ultrices,
471 818 658 895 rigidaeque,
681 826 770 893 atque
791 818 1018 896 bispidivestes,

141 899 321 975 Terribiles,
341 901 414 961 Orci
434 912 553 979 gnatae,
574 903 863 980 Vortumnifigurae,

140 987 264 1058 Aerias,
285 987 414 1059 invisae,
435 986 568 1047 leviores
588 995 734 1064 praepete
754 995 864 1046 mente.

141 1069 224 1128 Nam
246 1090 344 1146 neque
365 1071 415 1130 vel
437 1072 532 1131 citimi
555 1070 639 1132 Solis
662 1074 829 1148 Lunaeque
849 1073 982 1145 labores,

141 1154 210 1213 Nec
228 1157 324 1243 virtus
347 1157 589 1233 sapientipotens
608 1177 665 1216 nec
690 1177 818 1217 amoena
837 1165 983 1218 venustas

141 1242 312 1313 Artificum,
335 1242 444 1302 aetatis
465 1243 578 1301 nitidae
600 1262 657 1301 nec
678 1243 782 1302 adulta
803 1244 956 1316 iuventas,

141 1326 250 1385 Invitis
272 1327 361 1386 vobis
382 1327 526 1404 agitarint
543 1329 655 1406 gaudia
673 1329 764 1386 laeta.

143 1408 271 1486 Semper
294 1418 326 1468 at
344 1412 377 1469 in
396 1413 486 1472 terris
507 1413 660 1472 hominum
680 1412 820 1472 mortalia
842 1412 924 1472 secla

141 1495 265 1555 Iustitia
284 1497 390 1573 regitis
410 1498 572 1557 reddentes
594 1518 688 1557 aurea
706 1499 783 1556 iura.

143 1579 207 1640 Sed
229 1580 329 1640 Divae
351 1583 481 1656 Martae,
501 1585 752 1661 serpenticomae,
774 1582 950 1652 Volturnae,

143 1666 207 1726 Vos
226 1666 378 1741 placatum
400 1668 534 1726 animum
559 1668 674 1725 meliori
698 1668 815 1725 reddite
836 1667 940 1725 menti.

261 1836 420 1895 Manae-um
442 1837 614 1895 Tcairamm
634 1837 776 1911 suffimen,
797 1847 938 1895 aromata.
1017 1836 1058 1896 69

145 1918 316 1980 Consentes
337 1921 447 1978 Manae
471 1920 654 1979 celebrabile
675 1940 787 1979 numen
808 1922 967 1994 habentes,

145 2003 215 2061 Huc
236 2014 338 2064 castae
359 2005 496 2065 indufero
518 2014 684 2084 prognatae
704 2006 813 2065 Diiove
832 2026 939 2082 pusae,

143 2088 245 2147 Pnsae
267 2091 432 2159 Tartareae
453 2091 578 2151 Iunonis
601 2091 724 2150 alumna
742 2111 906 2170 propagas,

144 2174 307 2234 Humanae
328 2195 405 2251 quae
424 2185 529 2236 censet
548 2177 653 2253 iniqua
673 2176 794 2253 piacula
812 2178 924 2255 gentis,

142 2259 276 2319 Ultrices
299 2260 459 2335 scelerum,
482 2263 617 2321 excubiis
639 2263 748 2339 vigiles
771 2262 935 2335 inhiantes,
1004 2269 1009 2278 '

144 2345 307 2418 Atricutes,
331 2346 531 2405 scintillantes
555 2366 647 2424 grave
667 2347 768 2424 fulgur
789 2346 905 2425 ocellis,

145 2428 255 2490 Sacros
278 2430 488 2506 carnificisque
512 2433 658 2489 micantes
677 2431 801 2489 luminis
823 2430 923 2506 ignes,

143 2515 294 2592 Reginae,
315 2522 468 2586 aeternae,
490 2522 678 2590 postvertae,
701 2513 931 2589 terriculaeque,

144 2599 290 2657 Tortores
312 2597 432 2656 stimulo
450 2600 583 2657 fatorum
605 2599 673 2655 iura
694 2606 845 2670 tenentes,

143 2682 323 2741 Nocturnae
341 2701 449 2759 pusae,
472 2682 640 2755 voltuosae,
663 2683 894 2757 crinicolubres,

144 2767 208 2827 Vos
232 2785 371 2839 veneror,
391 2786 444 2827 vos
467 2776 568 2826 mente
590 2767 642 2844 pia
664 2768 880 2828 adventassere
901 2769 1027 2827 amicas.

147 2938 243 2995 Divae
263 2935 423 2995 Larundae
447 2938 649 2996 Mostellnrtac
669 2939 810 3015 suffimen,
834 2947 975 2995 aromata.
1018 2937 1060 2995 70

146 3022 192 3081 Te
214 3041 344 3081 veneror
364 3039 524 3080 summane
542 3022 695 3096 Lemuria,
719 3023 802 3100 virgo
823 3022 946 3097 paluda,

147 3104 244 3180 Quam
265 3126 362 3184 prope
383 3107 553 3166 Avernales
575 3108 674 3166 fluxus
700 3106 872 3167 venerande
892 3107 1004 3183 perivit

146 3195 269 3252 Arcano
286 3192 447 3252 commista
468 3192 537 3251 Iovi
556 3192 741 3270 Proserpina
761 3211 875 3251 amore.

146 3278 186 3336 Et
209 3278 279 3354 quoi
301 3278 459 3337 concubuit
478 3277 537 3336 Dis
557 3278 675 3351 fraude,
699 3278 848 3356 cupidinis
870 3284 958 3334 aestu

148 3360 297 3435 Calvitus,
318 3363 471 3440 traxitque
492 3364 690 3422 bimembrem
712 3363 810 3422 matri’
832 3360 973 3421 colorem.

148 3445 234 3521 Quae
254 3466 350 3525 genus
369 3448 534 3507 humanum
552 3448 644 3506 furiat
661 3449 827 3509 larvalibus
848 3446 974 3517 umbris,

149 3532 309 3592 Omnifera
329 3534 433 3610 specie
454 3541 644 3594 commutans
666 3534 791 3593 horrida
812 3531 911 3604 volta3

103 3678 106 3682 ,
147 3615 238 3677 Nunc
262 3615 344 3676 clara
366 3636 530 3697 apparens,
550 3638 630 3679 nunc
652 3618 777 3680 fuscans
797 3627 884 3677 nocta
903 3618 1040 3696 liguram.

815 3727 856 3788 26
