2586 4214
647 343 796 437 Q

306 512 512 586 Ambrosiam,
535 511 689 572 Cheritum
712 511 807 569 millis
825 510 928 570 fundis
949 511 1062 568 adhuc:

267 680 363 757 (oeo)
526 674 694 760 'deodnn
718 675 762 744 τίς
782 674 809 738 δ’
835 674 915 760 οὐχὶ.

267 763 438 827 Oomissavi
458 766 545 825 alias·
566 766 653 841 quasi
675 782 764 823 nemo
788 766 847 823 hoe
864 764 979 823 feeerit.
1001 766 1061 825 arsi

309 848 345 908 In
363 851 468 910 furios·
491 850 580 925 qussi
600 870 663 909 non
685 868 734 907 me
752 849 870 907 furiarit
890 852 996 909 Amor.

265 936 343 996 Ales
365 954 446 994 nune
467 936 547 993 iente
569 943 625 994 eon
646 935 714 994 ceni
734 936 866 1006 subiere,
886 934 1008 1011 piloque

308 1020 399 1081 Nune
422 1020 544 1097 sopiens
567 1014 654 1080 'setas
677 1021 826 1079 deteriore
847 1019 938 1078 venit.

267 1105 343 1167 Cum
363 1107 542 1182 tempestive
562 1105 658 1178 licuit,
680 1114 743 1163 tum
762 1102 901 1163 lusimus.
923 1113 955 1161 at
975 1125 1064 1177 nuno,

309 1192 443 1267 Tempus
465 1192 516 1250 ubi
539 1198 679 1263 nonest,
700 1191 738 1248 sd
758 1189 887 1248 meliora
908 1207 1012 1249 vocor.

269 1359 366 1436 ((96)
557 1352 716 1437 Ἠράσῦης
734 1359 887 1417 πλουτῶν.

267 1444 363 1504 Dives
385 1443 535 1515 amavisti,
559 1441 741 1503 Sosieretes.
765 1446 824 1503 Ast
845 1442 936 1501 modo
962 1461 1077 1518 pauper

308 1527 420 1587 Nullus
444 1546 538 1586 amas.
561 1529 683 1604 Quanta
704 1536 762 1601 est,
784 1530 873 1605 proh,
897 1524 1172 1585 medicinalemes?

268 1614 355 1691 Ques
376 1623 406 1672 te
426 1612 619 1687 deliciasque,
632 1632 777 1689 suumque
800 1613 930 1671 vocabat
950 1613 1094 1685 Adonim,

310 1698 498 1776 Menophilo,
521 1717 633 1757 nomen
654 1719 735 1757 nune
752 1707 837 1775 roget
858 1697 913 1755 ille
933 1705 1027 1755 tuum.
1273 1696 1274 1771 l

266 1786 356 1857 Fere,
375 1784 463 1859 quis?
481 1784 570 1843 Unde
589 1784 702 1843 domo?
722 1803 798 1860 qnae
820 1782 989 1860 gens-tibi?
1010 1801 1091 1841 nune
1103 1783 1173 1839 bene
1273 1776 1274 1783 '

926 1868 1010 1926 nosti

309 1953 474 2028 Antiquom
496 1955 570 2012 hoe:
591 1954 718 2029 Inopem
740 1953 841 2011 nullus
862 1971 964 2011 amere
989 1953 1078 2011 solet.

270 2121 367 2198 ζ(97)
516 2114 559 2179 Ἡ
579 2118 701 2199 χαλεπὴ
723 2117 802 2181 κατὰ
820 2119 928 2180 πάντα.

268 2208 387 2282 Aspera
410 2213 440 2263 et
460 2205 608 2264 indomita
626 2205 746 2265 feritate
768 2207 929 2266 Philesion
949 2206 1013 2278 ille,

311 2291 371 2349 Ille
391 2291 497 2364 ullum,
520 2290 621 2366 precio
644 2311 707 2349 non
728 2293 805 2366 sine,
826 2312 921 2369 pesse
944 2292 1053 2363 virum,

268 2378 370 2437 Mitior
389 2379 464 2435 haee
489 2395 569 2434 nune
589 2394 659 2435 esse
678 2376 804 2436 videtur.
829 2386 950 2437 stesso
972 2377 1070 2435 videri
1098 2382 1104 2389 '

311 2462 378 2521 Hoc
399 2463 477 2534 leve,
500 2470 645 2520 mutatum
667 2480 723 2519 nee
744 2482 811 2521 reor
832 2463 997 2541 ingenium.

270 2547 419 2622 sicquae
441 2547 543 2606 lenitis
564 2548 751 2606 mansuescit
771 2549 906 2607 moribus
927 2548 1023 2623 aspis,

312 2631 389 2692 Cum
412 2633 541 2706 mordet,
562 2631 657 2690 nihilo
679 2633 778 2692 secius
799 2633 854 2690 illa
879 2640 977 2690 necet.

270 2800 366 2878 ζ(99)
538 2794 640 2881 Μικκὴ
659 2799 711 2860 καὶ
733 2801 917 2880 μελανεῦσα.

268 2887 309 2947 Et
325 2894 416 2962 potue
440 2893 486 2944 est
509 2893 539 2943 et
558 2885 646 2945 fusse
663 2887 854 2946 Philaenion.
878 2889 937 2946 Ast
958 2906 1047 2966 megs
1068 2888 1160 2947 molle

311 2971 385 3056 Nep
406 2972 520 3048 apium,
541 2991 604 3029 non
626 2982 674 3030 est
693 2972 834 3030 blandior
851 2991 948 3050 agnus
968 2992 1015 3033 es.

268 3056 343 3117 Non
363 3057 439 3114 illex
459 3056 503 3114 ita
526 3064 638 3129 cestus,
660 3065 693 3114 ut
713 3057 778 3116 eius
802 3059 903 3116 verba.
924 3058 1035 3116 Patere

312 3142 474 3214 Omnibus,
494 3141 645 3199 interdum
666 3160 794 3219 poscere
813 3161 917 3219 parea,
939 3143 1028 3202 solet.

269 3228 356 3287 Haeo
377 3227 497 3304 placeat
515 3226 589 3283 mihi
610 3227 679 3286 sole
697 3227 891 3300 Philaenion,
913 3247 1006 3286 aurea
1027 3227 1133 3305 Cypri,

311 3311 474 3375 succurrat
494 3311 593 3387 potior
615 3311 710 3371 donee
731 3313 831 3371 amics
851 3313 934 3371 mihi.

271 3480 389 3563 ζ(100)
464 3500 466 3505 ·
563 3474 694 3561 Ψαλμὺς
714 3479 765 3542 καὶ
785 3480 888 3562 λαλιὴ.

270 3569 331 3629 Ars
352 3565 456 3625 fidium
475 3566 719 3642 etqueloqnele,
735 3577 897 3647 argutoque
917 3568 1043 3642 lumine,
1058 3584 1175 3626 oormen
