2560 4216
493 384 642 488 Q

108 553 158 622 Ἐν
178 561 224 642 τῷ
250 557 373 619 δικάσαι
391 556 424 618 τδ
446 558 524 644 ταχύ
545 562 616 636 πᾶν,
640 557 786 622 ὑπαίτιον.

111 642 276 709 Φειδωλδς
297 639 334 703 ού
355 663 416 725 τεῳ
461 644 582 726 ρηστδς,
604 641 676 705 ὲσθ>
699 642 785 727 αύτῷ
805 641 909 712 κακδς.

107 723 159 790 Ἐν
183 729 281 788 τοῖσιν
302 665 514 810 ἀπύροιςθστὶ
533 728 711 812 παράβολον
729 727 819 792 πολύ.

110 807 176 875 Ούκ
198 808 256 872 εῖσ’
280 809 418 896 ὑβρισταὶ
440 812 589 916 σχετλίων
612 811 766 896 σἰκληρίαι.

109 893 236 957 Σύνοιδ’
258 895 273 957 δ
321 894 411 978 είρων
435 917 481 964 οις
504 897 520 959 ὁ
542 920 560 959 κ
581 897 686 959 είττων
708 894 805 979 ἤλιτε.

103 976 145 1042 Ἡ
167 978 208 1042 δι’
233 917 366 1059 εύγύθει’
391 978 454 1041 ἐστ’
471 919 667 1045 ἀνεπίθεκτον
690 980 817 1065 ύβρεως.

104 1060 249 1132 Ἀναξίυυ
274 1060 422 1147 δεόμενος
444 1064 559 1133 ἀδικεῖς
579 1064 731 1147 τούγενές.

101 1141 260 1216 Ἀπαντας
282 1144 394 1232 ἔβλαψ’
420 1148 548 1217 ἀθλίους
568 1149 733 1234 ἀχάριστος
752 1147 805 1216 εἷς.

107 1228 241 1317 Ἐχθρὸν
266 1232 434 1317 φοβεῖσθαι
453 1235 504 1296 καὶ
524 1234 731 1318 χαμαίζηλον,
756 1237 890 1317 σοφού·

109 1313 200 1379 Τῖσαι
221 1317 271 1379 τδν
296 1316 409 1402 ἐχθρόν
432 1317 495 1380 ἐστι
519 1318 662 1402 δεύτερος
685 1318 759 1403 βίος.

108 1400 197 1484 Λήθη
219 1401 351 1486 βαρειῶν
374 1401 452 1464 ἐστὶν
476 1403 494 1465 ύ
516 1424 595 1485 ρεων
619 1401 703 1470 οῖκος.

108 1482 207 1569 Χάριν
233 1484 373 1570 δεομένω
394 1485 439 1552 δὶς
462 1486 573 1550 δίοωσ’
595 1489 611 1550 δ
637 1486 710 1554 δοὺς
727 1484 815 1569 ταχύ.

108 1567 209 1652 Παδρ’
233 1569 357 1652 ὑστερεῖ
373 1569 490 1652 πένητι,
513 1570 615 1633 πολλὰ
636 1570 760 1654 κίμβικι.

107 1650 268 1736 Μεμηνύτ’
292 1654 378 1737 ἀνδρὶ
400 1659 459 1721 πᾶς
478 1654 647 1738 μεμηνέναι
668 1655 764 1716 δοκεῖ.

103 1733 270 1806 Ἐνσκευυς
293 1736 386 1801 ἔνδει’
412 1739 519 1823 ὀλβίου
542 1740 575 1802 τδ
598 1739 795 1822 φιλάργυρον.

107 1820 182 1885 Ποῖ
203 1823 276 1899 ἐστὶ,
299 1821 442 1906 μάνθαν’,
468 1825 547 1885 ὥστε
571 1824 657 1906 δρᾷν,
677 1821 714 1884 τὰ
733 1820 860 1904 κρήγυα.

109 1905 233 1974 Φθύνος
255 1909 288 1970 τὸ
313 1908 475 1992 βλαβερὸν,
499 1906 535 1970 ού
558 1908 592 1969 τὸ
613 1905 772 1990 σύμφορον
796 1905 895 1968 λαλεῖ.

109 1990 233 2060 Φθίνος
253 1992 354 2075 λάθρα
379 1993 445 2075 μὲν,
468 1994 628 2077 δυσμενῶς
651 1989 680 2053 δ’
705 1991 866 2075 ὀργίζεται.

105 2077 248 2141 Ἀνεκτδν
269 2076 498 2161 εύψύχοισιν,ἠ
524 2078 637 2160 μάκαρι
654 2074 779 2160 φθόνος.

107 2161 253 2246 Παριδων
276 2162 308 2223 τδ
330 2161 531 2245 τλημμέλημ’
557 2162 740 2245 ἁμαρτάνειν
761 2160 869 2227 ποιεῖς.

103 2245 227 2310 Ἀκοντ’
254 2245 372 2329 ἐρύκων
392 2245 535 2314 ἐκκαλεῖς
556 2243 676 2317 ἐξιέναι.

106 2327 220 2415 Ὀργὴν
241 2330 396 2414 φυλάττου
418 2329 549 2416 βραχέα,
575 2331 629 2413 τὴν
652 2327 669 2391 ἔ
691 2326 768 2411 θραν
792 2325 825 2390 δ’
849 2327 908 2390 ἀεί.

110 2412 340 2497 Χολουμένοισι
360 2413 461 2496 τόλμα
483 2415 534 2477 καὶ
551 2414 654 2561 μουλὴ
668 2352 773 2473 θοκεῖ.

109 2497 244 2583 Παύρων
270 2496 417 2581 δεύμενύς
438 2499 527 2574 ἐστιν,
570 2520 585 2565 ς
606 2496 733 2579 παύρων
758 2491 825 2579 ἐρᾷ.

109 2581 162 2667 Μὴ
189 2581 265 2666 δρᾷν
288 2607 326 2662 τι,
352 2584 459 2666 μίσους
479 2585 558 2645 ὥστε
581 2583 711 2664 πάσχειν
735 2577 762 2640 σ’
789 2578 869 2649 ἄξια.

109 2666 289 2743 Πίστευσον,
312 2672 355 2734 ὡς
375 2670 415 2750 μὴ
440 2668 573 2752 δυσμενῆ
593 2664 734 2739 κτᾶσθαι,
754 2664 846 2748 φίλῳ.

110 2750 229 2814 Γένοιτ’
257 2749 292 2814 ἂν
314 2751 405 2815 οὐδὲν
426 2751 497 2833 ἡδύ,
521 2752 600 2834 πλὴν
621 2751 655 2813 ἐκ
678 2749 861 2834 μεταβολῆς.

109 2834 232 2898 Σαυτοδ
251 2835 404 2917 κατέγνως
427 2835 530 2899 ἄδικον
556 2835 713 2911 ἀπολύων,
736 2834 832 2916 κριτά.

104 2920 253 3003 Ἀλγησις
274 2919 396 3005 ἐχθρῶν
419 2920 617 3004 ἠδικημένοις
635 2918 720 2987 ἄκος.

56 3024 59 3029 ‘
111 3000 210 3079 Οὐδὲν
236 3003 355 3089 μέτεστι
375 3005 475 3068 κοινὸν
496 3005 572 3090 α’ίνιρ
595 3006 646 3068 καὶ
666 3008 777 3107 τρυργῖ.

104 3085 210 3172 Ἕρμει
228 3091 360 3157 παλαιὸς
384 3088 478 3163 αἶνος,
499 3091 536 3173 ἣν
560 3091 601 3174 μὴ
626 3087 695 3155 νέος
713 3110 783 3171 ορη.

105 3171 232 3241 Ἄδικος
256 3172 350 3257 νόμον
374 3172 522 3248 δέδοικεν,
550 3176 610 3239 ὁδ’
633 3172 739 3239 ἀθῶος
762 3170 867 3254 τύχην.

111 3253 158 3321 Τὰ
180 3256 302 3320 δοθέντ’
327 3259 452 3320 ἀπαιτεῖ
469 3255 722 3342 μεταμελουμένη
745 3253 834 3340 τύχη.

108 3337 146 3404 ‘O
168 3346 223 3405 τοῦ
240 3341 384 3422 γενέσθαι
404 3342 456 3404 καὶ
478 3342 593 3420 θανεῖν,
614 3342 716 3408 κοινδς
737 3338 840 3422 νόμος.

111 3424 233 3493 Πάντας
253 3427 384 3510 δαμάζει
404 3426 455 3489 καὶ
477 3429 510 3490 τὸ
534 3431 632 3511 νεῦμα
651 3430 704 3509 της
726 3426 852 3507 τρυφῆς.

112 3505 222 3595 Τρυφὴ
242 3513 401 3596 χαρακτὴρ
424 3513 466 3574 ὧν
488 3510 552 3594 γ’ίι
573 3516 645 3579 νούς
663 3513 781 3591 κοῦφος
800 3509 917 3591 φρονεῖ.

112 3590 220 3659 Κακοιῖ
240 3597 399 3681 χαρακτὴρ
421 3598 548 3678 γλῶσσα
569 3599 622 3658 νού
644 3591 847 3674 κακύστομος.

762 3692 825 3753 16·
