2604 4210
628 320 781 414 ..2⁰4⁴-

251 492 356 552 ance
378 491 454 550 dicis
476 509 588 551 caussa
609 491 805 564 advenientes
828 490 952 549 nurnine
974 492 1069 550 amico

251 572 369 637 Mitibu'
392 577 549 654 temperiis
567 577 700 646 futantes
722 595 798 635 sana
818 576 940 634 fluenta.

252 748 291 806 51
407 748 570 806 Triaaaalc‘o
586 747 685 805 Patria
706 747 847 822 ruffiaco,
870 754 1013 803 aromata.

251 832 321 892 Huc
338 831 422 890 adsis
443 831 547 904 Liber,
567 832 716 904 Lucumo,
739 830 933 889 celeberrime
951 828 1023 902 Die,

252 917 396 989 Torcule,
415 916 608 989 Taurifrons,
630 925 696 976 sate
717 916 854 988 fulmine,
880 914 990 992 Nysie,
1012 914 1128 987 Fauno,

250 1003 358 1063 Matris
379 1002 513 1074 alumne,
536 1004 655 1060 sacrdm
679 1009 778 1078 pater,
800 1000 963 1078 ignivoma,
981 999 1163 1072 etVelabre,

252 1086 428 1160 Consentis,
448 1095 605 1160 nocturne,
628 1086 801 1164 geriferule,
824 1093 854 1144 ct
873 1084 1012 1158 tutulate,

251 1176 371 1232 meane
392 1181 480 1247 atque
498 1171 610 1229 indicte
631 1172 716 1231 Iovis
738 1172 841 1247 stirps,
872 1170 1003 1230 Virtrius
1022 1169 1118 1230 idem:

250 1257 437 1335 Primigena,
458 1256 491 1286 *⁴
515 1264 605 1332 atque
626 1257 728 1315 Dedm
749 1264 837 1334 pater
860 1263 890 1314 et
910 1255 1013 1332 stirps.

251 1342 370 1414 Baiule,
389 1342 622 1418 sceptrigeram,
649 1339 859 1416 Saliorumque
884 1341 990 1400 histrio
1009 1340 1145 1416 praesul,

251 1427 417 1487 Foemineu
437 1425 597 1486 stimulans
621 1425 723 1484 divina
743 1426 874 1485 triennia
896 1433 994 1484 coetu.

252 1511 432 1588 Terriorepe
454 1518 542 1585 atque
564 1510 678 1589 Tages,
700 1509 847 1584 Lucetin',
866 1511 951 1588 pulle
972 1509 1112 1583 bimater,

253 1595 419 1670 Solemnis,
441 1596 743 1673 cornute,1ugatine,
766 1596 999 1655 hinnulivestis:

251 1682 388 1756 Insinne,
410 1683 546 1753 Iuturna,
569 1682 739 1754 racemifer,
762 1682 941 1756 anriqniriti,

207 1759 210 1764 ’
251 1768 406 1846 virginee,
429 1767 563 1827 studiose
585 1766 753 1839 ederarum,
772 1766 875 1826 vinule
895 1766 999 1838 Liber,

251 1852 440 1915 Fluminibus
461 1853 578 1924 faveas,
595 1852 779 1928 gratissime,
801 1851 924 1910 floribus
945 1870 1071 1929 augens.

252 2021 293 2080 52
334 2055 336 2060 ·
367 2023 569 2080 Aonioarrarc'i
591 2023 731 2096 suffimen,
753 2024 849 2079 omnia
866 2030 985 2097 praeter
1004 2031 1057 2080 tas.

251 2106 351 2166 Elicio
374 2125 465 2181 prece
486 2114 516 2163 te
541 2105 688 2166 solemnis
711 2105 852 2164 Tellumo
875 2106 978 2177 Liber,

253 2189 329 2248 Cum
348 2190 461 2248 teneris
481 2189 590 2248 blande
614 2190 702 2249 simul
724 2191 876 2268 expergite
899 2191 1037 2249 rirabns:

252 2274 312 2348 Qui
333 2294 456 2333 numero
481 2275 601 2352 sopitus
621 2277 659 2333 ad
678 2275 756 2333 atria
777 2276 907 2334 Liberae
929 2278 1081 2347 Avernae,

251 2360 326 2419 Puri
346 2352 489 2437 consopis
512 2360 640 2438 augusta
661 2361 792 2418 triennia
810 2361 898 2419 scari.

252 2449 351 2522 Atque
373 2446 453 2504 idem
476 2446 603 2504 simulac
627 2446 671 2503 'cis
688 2446 769 2505 festa
792 2446 923 2504 triennia
946 2462 1064 2516 rursus,

251 2531 350 2590 Dulce
373 2532 435 2590 cies
460 2550 527 2588 cnm
547 2531 686 2590 cinctutis
710 2531 869 2589 nutricibu'
893 2548 1025 2602 carmen,

251 2616 364 2693 Vagitu
383 2624 528 2694 vegetans
550 2624 652 2674 coetus
673 2616 859 2674 vortentibus
881 2615 980 2673 annis.
1020 2660 1024 2665 .

252 2701 334 2778 Ergo
357 2701 416 2759 hoc
437 2701 630 2778 frngivirens,
649 2701 733 2774 here,
757 2701 904 2778 corniger,
929 2698 1056 2776 optime,
1074 2698 1167 2777 frugi,

251 2784 454 2843 Pandicnlare
476 2804 594 2844 sacrum
616 2786 711 2858 visas,
735 2786 789 2845 sed
809 2785 923 2845 lumine
945 2784 1038 2865 laeto,

251 2871 461 2948 Perooquibus
482 2871 589 2944 sacris,
610 2871 742 2929 aeternis
761 2871 891 2949 frugibu'
911 2877 1037 2927 mactus.

253 3041 293 3101 53
339 3041 464 3111 Siluani,
487 3042 600 3112 Iacchi,
619 3042 797 3100 Brumaram
817 3041 957 3115 suffimen,
978 3057 1095 3096 maana.

252 3127 332 3198 Audi
352 3146 400 3184 me
422 3126 529 3185 Brnmi
551 3127 631 3184 bone
656 3128 822 3184 nutricatur
844 3132 875 3183 et
897 3124 984 3195 altar,

252 3212 349 3289 Inque
372 3212 460 3271 statis
480 3211 575 3269 sacris
597 3230 660 3270 non
682 3212 788 3270 ultima
811 3229 882 3268 cura
901 3209 1049 3279 Deorum,
1126 3257 1128 3261 ,

252 3298 423 3376 Magnaque
445 3315 516 3354 cura
537 3295 704 3368 hominum,
727 3296 923 3359 celeberrime
942 3292 1157 3369 Sylvanorum,

252 3381 412 3458 Hircipile,
433 3389 463 3439 et
486 3399 590 3439 sacrae
613 3382 736 3459 pompai
757 3380 882 3457 praesul
906 3380 1048 3437 honeste:

238 3466 398 3545 Pervigil,
419 3474 508 3540 atque
529 3465 588 3523 tuis
610 3466 821 3539 invenescens,
841 3465 946 3537 iubile,
968 3462 1097 3522 Faunis:

253 3550 429 3609 Brumarum
448 3550 612 3607 cincturam
633 3552 743 3624 ederis,
766 3546 948 3628 praetorque
970 3547 1116 3619 virorum,
