2502 4218
699 344 739 403 82

262 514 342 589 Quid
362 513 577 587 niueimcres,
603 530 757 590 annosque
778 513 925 572 modestia
943 530 1076 590 praecox

261 602 343 659 Ante
362 599 483 671 volans,
506 598 578 675 quid
599 601 726 659 serietas
749 600 895 657 maturior
916 617 1004 670 aevo,

261 687 324 744 Aut
346 684 417 758 quid
436 683 567 761 virginei
587 684 671 743 dotes
692 703 828 743 meruere
849 683 994 760 pudoris?

164 804 166 809 ·
264 769 377 830 Omnia
399 777 469 829 sunt
492 768 628 846 ingrata3
653 787 711 827 nec
732 769 827 827 ullum
846 769 944 845 gratia
963 784 1078 826 morum

261 855 395 931 Excipit,
414 861 466 912 aut
483 853 594 930 pietas.
621 872 770 931 praeceps
792 855 879 911 metit
896 853 998 911 omnia
1013 853 1136 912 Fatum.

262 943 304 1000 At
321 948 354 997 te
372 939 503 1012 felicem,
525 939 607 1014 quod
626 956 716 998 casus
734 938 849 1016 fugeris
873 957 990 1011 omnes,

263 1023 353 1098 Quod
374 1045 436 1083 non
458 1024 591 1082 invidiae
611 1024 753 1101 contagia
774 1024 909 1083 senseris
928 1022 1002 1095 ulla,

264 1109 356 1185 Quod
378 1129 446 1167 cum
466 1109 603 1167 Fortuna
621 1109 778 1167 minimum
792 1108 1001 1167 contraxeris:
1025 1117 1055 1166 ct
1073 1115 1103 1166 te

261 1195 432 1253 Immunem
454 1194 509 1251 fati
532 1195 681 1253 malefidis
703 1196 795 1253 rebus
818 1194 989 1269 ademptum

263 1278 403 1339 conditio
425 1278 535 1337 melior
558 1279 741 1339 caelestibus
766 1278 869 1336 intulit
890 1279 990 1337 estiis.

264 1362 315 1425 Sis
336 1364 421 1435 felix,
445 1363 581 1437 caelique
602 1365 718 1423 micans
741 1364 906 1440 spectabile
926 1364 1025 1422 sidus:

264 1446 413 1525 Scaligeri
435 1466 549 1507 memor
572 1457 637 1507 esto
658 1450 702 1506 tui
719 1449 852 1507 senioris
875 1448 975 1520 amici,

264 1532 401 1593 Dimidia
421 1551 509 1608 quem
532 1541 619 1609 parte
642 1534 689 1592 sui
710 1551 789 1590 nunc
810 1534 912 1591 vivere
927 1533 1026 1611 «cogis.

264 1704 296 1763 8.
328 1704 503 1779 Epicadium
523 1705 702 1773 nobilissimi,
719 1705 951 1771 innocentissimi,
974 1712 1002 1760 et
1022 1705 1180 1762 doctissimi

485 1791 556 1846 Iani
577 1790 736 1847 Deusara
756 1788 952 1863 Noordwyclc.

263 1871 436 1931 Dousiades
457 1875 566 1931 Musae
589 1873 675 1948 (quid
696 1872 776 1930 enim
796 1871 857 1931 nisi
876 1871 977 1929 flebile
993 1873 1127 1949 reststl)

307 1956 457 2014 Laetitiae
479 1957 588 2016 restris
609 1958 721 2015 demite
742 1957 831 2033 signa
851 1956 954 2029 comis.

258 2041 454 2100 'Frondcntes
477 2042 584 2100 ederas
606 2042 687 2100 tristi
706 2048 818 2099 mutate
840 2058 997 2119 cupressu,

309 2125 441 2184 Tendite
463 2126 585 2185 funesta
603 2134 731 2203 pectora
750 2127 833 2184 nucia
852 2146 952 2184 manu.

266 2210 387 2282 Omnis,
407 2229 484 2285 quae
504 2211 631 2272 Dousae
653 2212 791 2270 nascenti
812 2212 969 2288 plauserat
990 2210 1076 2285 olim,
1120 2255 1123 2262 .

307 2296 462 2371 Exequias
485 2296 612 2356 Dcusae
633 2298 722 2355 turba
739 2296 913 2371 frequenter
934 2304 991 2354 eat

264 2379 406 2459 Lugduni
429 2381 530 2455 sedes,
552 2390 584 2440 et
605 2382 678 2440 culti
698 2400 785 2440 secra
809 2383 931 2459 Lycaei,
1044 2382 1180 2461 [Lyceil]

309 2467 350 2525 Et
371 2466 456 2524 veria
474 2468 613 2545 insignes
630 2467 715 2526 urbis
735 2469 773 2525 ab
793 2476 857 2524 arte
878 2467 944 2537 viri,

265 2551 411 2628 Aspirate
428 2553 507 2612 meis
531 2553 716 2612 accentibus.
733 2553 832 2612 omnis
855 2552 957 2610 acerbi

308 2635 451 2696 Vulneris
475 2638 616 2716 indignas
639 2638 790 2712 praeferat
812 2656 863 2699 ore
884 2645 985 2696 netas.

265 2721 411 2780 Publicus
433 2722 569 2782 incesset
589 2723 672 2781 dolor
693 2723 842 2781 omnibus.
862 2723 977 2781 eccidit
994 2720 1052 2779 ille

308 2804 420 2864 Vester
440 2826 533 2879 amor,
555 2808 649 2867 vestri
670 2826 805 2866 summus
830 2808 954 2867 honoris
973 2825 1062 2882 apex.

266 2890 412 2966 Quaeque
430 2891 496 2951 dies
509 2892 655 2966 Dousam,
672 2892 786 2951 mundo
802 2911 920 2968 queque
935 2892 1041 2951 lumen
1051 2890 1180 2966 mtlemit,

307 2975 459 3036 Noctibus
483 2978 650 3037 innumeris
672 2978 788 3055 nigrius
811 2996 888 3037 ausa
910 2978 1006 3036 nctus.

265 3061 344 3121 Dira
362 3061 439 3135 dies,
459 3082 522 3122 non
544 3071 575 3122 te
593 3063 689 3122 nitido
712 3063 858 3138 produxit
878 3063 1013 3139 Olympo

308 3145 406 3204 Venta
422 3149 567 3225 pruinoso
587 3147 759 3207 Memnonis
782 3166 842 3206 axe
862 3166 990 3224 parensr

267 3229 329 3292 Sed
347 3233 403 3291 tibi
424 3233 512 3292 triste
532 3235 619 3291 iubar
640 3231 826 3308 pallentibus
850 3232 959 3290 extulit
979 3230 1095 3289 umbris

309 3316 458 3377 Tartareo
482 3319 571 3394 peplo
588 3336 654 3377 nox
672 3317 817 3393 adoperta
836 3325 935 3392 ceput,
1063 3336 1066 3341 ’

265 3400 316 3460 Ne
335 3403 418 3461 foret
437 3402 501 3460 ulla
521 3403 597 3474 dies,
621 3421 684 3477 nou
703 3403 752 3460 cui
772 3402 859 3460 (ledit
877 3402 961 3460 Allia
982 3418 1108 3475 nemen,

310 3485 406 3559 Quam
427 3487 615 3547 detestentur
635 3487 759 3564 publica
781 3495 854 3546 vota
875 3488 984 3565 magis.

267 3568 388 3649 Quippe
410 3572 483 3648 quid
503 3574 582 3630 inter
601 3579 647 3631 tot
663 3567 820 3650 signantes
838 3580 977 3649 tempore
998 3571 1096 3644 lucet,
