2586 4214
633 336 783 432 -s-es—

259 510 286 568 Ε
308 508 403 585 stirpe
422 507 666 577 Iaesomedontis:¹
680 470 879 582 eximiamcpue
901 508 932 565 ei

260 593 381 652 Praeda
402 593 473 652 olim
495 594 533 650 ab
555 593 638 653 omni
658 593 829 650 muneravit
842 592 1016 652 Hercules?
1091 606 1094 607 ’

259 679 343 756 Ergo
365 686 514 752 optumus,
535 678 650 737 duobus
668 678 871 753 optumatibus

185 760 355 824 1³⁰5Satus
378 763 547 823 dehonesto
567 763 688 840 generis
711 770 850 821 auctores
872 764 944 835 mei,

263 849 349 925 Quos
372 849 554 924 insepultos,
578 849 610 906 in
629 848 787 907 laboribus
810 848 887 907 sitos

261 933 346 1007 Istis,
366 932 505 1011 repellis:
530 952 587 991 nec
607 933 702 1011 pudet
723 932 910 991 iactantiae?

262 1018 325 1080 Sed
346 1027 445 1078 certus
469 1026 548 1090 esto,
571 1018 598 1077 si
618 1018 715 1077 virum
739 1018 819 1076 hunc
840 1017 1002 1094 repellitis,

263 1104 397 1164 Omnino
420 1111 555 1162 nostres
576 1112 608 1161 et
628 1103 718 1162 simul
739 1102 897 1179 repellitis.

185 1186 344 1248 13¹0Nam
363 1208 419 1265 pro
441 1189 501 1247 hoc
521 1189 596 1246 mihi
614 1189 808 1263 periclitanti,
830 1186 964 1246 nobilem

263 1274 420 1351 Oppetere
441 1281 571 1332 mortem
593 1274 702 1332 melius
726 1281 785 1345 eet,
805 1290 895 1347 quam
915 1290 970 1349 pro
992 1279 1047 1329 tua

261 1360 385 1420 Uxore:
408 1376 498 1433 quam
518 1378 572 1435 pro
594 1360 688 1416 fratre
710 1377 856 1435 germano
877 1365 941 1415 tuo.

262 1444 312 1503 Ad
331 1444 402 1516 ista,
424 1462 496 1501 cura
513 1463 573 1501 non
595 1463 694 1501 meam
714 1463 790 1516 rem,
812 1443 868 1502 sed
889 1449 982 1499 tuam.

263 1527 299 1589 Si
320 1529 409 1595 ndxis
436 1527 538 1602 aliqua
558 1548 593 1585 re
615 1529 700 1601 mihi,
721 1529 949 1605 ignavissumus

188 1609 254 1667 1315
263 1614 411 1673 Fortasse
431 1614 520 1671 malis
544 1631 625 1686 esse,
650 1633 738 1689 quam
762 1613 1004 1672 audacissumus.

264 1696 319 1758 ch.
354 1700 485 1771 Adesse,
506 1698 632 1775 Ulysse,
651 1707 682 1757 te
702 1707 808 1776 putato
826 1697 966 1774 temperi,

264 1783 336 1844 Nisi
356 1785 415 1844 hos
435 1784 522 1842 nevis
546 1784 698 1857 dirimere,
724 1785 777 1843 sed
798 1783 995 1847 committere.

264 1868 315 1930 Ul.
359 1868 438 1942 Quid
460 1877 518 1941 est,
538 1870 650 1927 amici?
674 1889 737 1929 vox
761 1869 935 1930 Atridarum
959 1868 1067 1942 procul

265 1953 364 2032 Super
385 1955 444 2013 hoc
464 1954 585 2012 valente
608 1962 728 2013 mortuo
750 1954 825 2012 mihi
842 1952 960 2011 accidit.

189 2037 256 2093 1320
265 2042 343 2117 Aga.
384 2042 434 2097 An
456 2058 530 2110 nou,
553 2039 678 2115 Ulysse,
701 2041 794 2098 verba
815 2038 894 2096 dictu
913 2034 1051 2109 infamia,

265 2125 305 2183 Et
323 2124 436 2200 probra
457 2124 495 2181 ab
515 2124 576 2182 isto
600 2136 696 2199 nuper
716 2123 950 2183 exaudivimus?
1045 2166 1049 2181 ,

265 2208 315 2269 Ul.
341 2208 430 2284 Quae
441 2208 574 2284 probra?
585 2208 702 2283 culpam
715 2210 795 2271 haud
809 2215 982 2280 commeret,
1000 2225 1050 2264 me
1063 2205 1172 2275 iudice,

265 2292 300 2354 Si
321 2294 388 2369 quie
410 2293 491 2351 male
512 2294 672 2367 audiendo,
694 2294 861 2372 respondet
877 2293 967 2350 male.

267 2382 344 2456 Aga.
389 2380 471 2436 Male
490 2379 600 2438 audiit:
624 2398 755 2456 namque
777 2379 831 2436 ille
850 2397 898 2436 me
920 2377 1024 2435 affecit
1040 2375 1133 2432 male.

190 2464 316 2525 1311111.
388 2464 500 2523 affecit
521 2465 645 2537 adeon',
661 2474 695 2523 ut
717 2466 772 2524 tibi
792 2462 850 2523 siet
868 2462 969 2520 male?

265 2553 342 2626 Aga.
386 2549 535 2625 Numqui
558 2550 742 2626 insepultum
765 2569 798 2608 se
813 2550 871 2607 hoc
888 2549 1073 2606 omissurum
1084 2552 1173 2624 neget

267 2632 415 2708 Cadaver,
437 2643 471 2692 ut
492 2656 555 2694 non
575 2636 706 2695 tumulat
722 2636 842 2693 iniussu
865 2653 944 2692 meo.

266 2720 316 2780 Ul.
361 2720 487 2778 Licetne
509 2721 607 2780 amico
631 2721 771 2797 proloqui
791 2738 894 2777 verum
915 2719 970 2776 tibi

267 2804 336 2862 Tua
356 2805 437 2863 haud
456 2806 585 2878 minore,
606 2825 694 2880 quam
716 2805 813 2882 prius,
829 2822 902 2861 cum
924 2802 1045 2881 gratia?

190 2891 346 2967 1330Ages
382 2890 479 2949 Licet.
499 2910 571 2948 nam
593 2899 623 2948 et
647 2900 729 2949 esset
752 2888 923 2963 caeteroqui
939 2887 1101 2945 iniurium:

266 2975 468 3053 Praecipuum
495 2977 623 3034 amicum
645 2995 712 3033 cum
735 2983 765 3033 te
787 2976 820 3033 in
840 2973 963 3051 Argivis
985 2978 1101 3046 putem.

266 3060 316 3121 Ul.
359 3061 449 3119 Audi.
470 3080 524 3136 per
543 3080 599 3139 ego
622 3070 652 3118 te
672 3061 808 3132 caelites,
833 3079 872 3116 11
892 3057 999 3134 proiici

265 3145 371 3204 Virum
392 3146 580 3222 insepultum
600 3147 679 3203 hunc
702 3145 772 3204 siris
793 3142 1019 3202 inclementius:

266 3229 334 3289 Nec
356 3251 393 3289 10
416 3249 512 3305 usque
533 3240 563 3288 te
587 3230 649 3288 odii
669 3231 818 3307 provehat
835 3228 969 3300 licentia,

191 3328 258 3382 1335
267 3316 310 3375 Ut
332 3336 422 3375 01111
443 3316 550 3390 iusque
572 3317 681 3390 fasque
703 3315 885 3392 prosubigae
908 3313 996 3388 pede.

107 3400 110 3411 ’
267 3401 345 3459 Mihi
365 3401 500 3469 omnium
520 3401 573 3458 ille
591 3419 736 3477 pessume
754 3401 894 3457 infensus
915 3398 983 3469 fuit,

267 3486 316 3544 Ex
336 3505 394 3560 qno
415 3504 500 3543 arma
522 3485 635 3544 Achilli
654 3486 709 3544 lite
731 3493 839 3544 nostra
859 3483 1014 3542 evicimus.

268 3568 330 3630 Sed
351 3578 453 3629 tamen
476 3589 533 3647 ego
553 3570 638 3627 illum
659 3577 722 3628 tam
750 3569 831 3627 male
849 3568 1015 3626 animatum
1036 3567 1113 3624 mihi
