2532 4216
572 333 591 390 7

508 415 657 429 ——Q-

162 484 205 544 Ni
226 489 307 548 mihi
328 510 427 554 comes
450 498 570 559 adforet

161 569 231 630 Iste‘
247 574 405 654 legitimus
427 582 498 641 boni

162 654 333 734 (lopulator
352 666 478 727 amoris:

123 738 180 814 Qui
199 750 286 802 tuum
313 747 379 806 sine
397 749 502 812 liberis

160 824 209 884 Ne
229 829 325 904 foret,
348 841 498 910 metuens,
519 859 626 920 genus,

158 909 316 973 Floridem
336 919 392 977 tibi
412 920 559 999 virginem

158 993 229 1055 Iure
252 1004 396 1062 connubii
418 1005 509 1081 dedit,

159 1078 389 1163 coniugemque
411 1089 533 1153 dicavit:

120 1163 202 1239 Quae
224 1169 327 1228 bonae
349 1174 464 1235 sobolis
486 1177 584 1254 ferax,

159 1249 270 1325 Qualis
295 1264 347 1313 aut
369 1257 546 1324 Cerealibus

158 1332 252 1412 Spica
275 1340 380 1399 adulta
400 1345 571 1423 novalibus,

154 1422 217 1479 Aut
237 1424 455 1488 Achaemeniis
479 1431 580 1495 virens

155 1502 260 1566 Citrus
286 1509 381 1569 ardua
400 1517 527 1592 campis,

116 1583 282 1669 Coniugem
303 1597 391 1656 toties
412 1607 528 1675 patrem

152 1673 250 1735 Fecit.
274 1678 356 1739 Huic
375 1701 440 1760 ego,
459 1704 527 1744 ,cum
548 1691 603 1748 tibi

152 1757 249 1838 Virgo
273 1765 402 1825 traditur
419 1769 452 1827 in
475 1790 607 1848 manum,

152 1842 375 1925 Nuptialiaque
399 1854 501 1912 omina

150 1926 230 1988 Iuno
254 1931 368 1993 Cinxia
387 1940 495 2013 sancit,

111 2012 207 2072 Mater
229 2017 313 2076 haud
333 2024 437 2096 semel,
457 2024 564 2100 inquii,

152 2096 214 2158 Sed
234 2121 386 2180 puerpera
405 2110 526 2184 saepius

151 2181 299 2247 Caeteras
318 2191 364 2248 uti
385 2195 520 2254 moribus

150 2267 270 2344 Vincis,
294 2273 452 2335 innumera
474 2298 595 2356 quoquc

150 2350 249 2412 Vince
260 2359 354 2433 ,prole
374 2364 509 2423 maritas.

111 2433 197 2496 Dicta
220 2446 401 2520 comprobat
421 2449 530 2509 exitus.

149 2520 211 2582 Vix
234 2529 316 2604 capit
338 2532 473 2590 sobolem
494 2535 612 2596 domus.

148 2606 215 2665 Iam
237 2614 343 2689 nequit
362 2616 463 2694 digitis
488 2620 551 2678 suis

147 2689 275 2755 Liberos
294 2718 392 2775 neque
414 2703 541 2763 dextera

147 2775 215 2836 Nec
239 2782 363 2842 sinistra
383 2796 503 2862 putare:

109 2855 143 2916 In
164 2864 285 2939 quibus,
308 2869 390 2928 velut
411 2872 566 2950 integer[,]

147 2944 258 3010 Divitis
282 2953 373 3013 decus
393 2956 515 3031 hortuli,

149 3030 246 3106 Quem
269 3057 326 3096 nec
349 3040 490 3100 Olenium
513 3062 607 3120 pecus

147 3114 288 3194 Proterit,
310 3143 407 3200 neque
428 3128 561 3203 carpitur

145 3199 253 3281 Ungue
275 3208 420 3270 flosculus
440 3213 515 3285 ullo,

105 3286 193 3346 Anna
215 3293 350 3352 moribus
374 3296 467 3354 enitet
531 3344 534 3351 .

145 3369 281 3433 Educata
299 3378 440 3455 piissime

144 3454 251 3520 Matris
271 3462 304 3521 in
327 3466 442 3541 gremio
463 3487 547 3545 suae,

144 3539 183 3600 Et
202 3547 378 3622 pudicitiam
402 3570 457 3611 suo
