2532 4216
702 310 746 374 80

265 482 415 555 Virtutum
438 482 544 554 series,
568 482 693 541 virtutes
715 482 848 541 dedicat
868 498 983 541 omnes.

266 564 318 628 Sic
339 585 417 643 quae
437 574 509 625 aunt
529 567 609 625 curis
632 568 758 626 aliorum
779 575 852 627 nata
874 566 1012 627 levandis

265 650 339 711 Otia
360 652 527 726 Musarum,
548 651 681 711 lacrimis
701 660 772 711 sunt
792 651 906 729 pabula
927 653 1051 713 nostris.

264 735 305 795 Et
326 746 495 811 quaesunt
516 737 632 796 cunctis
653 738 840 795 medicamen
866 736 936 794 lene
954 737 1094 798 laborum

264 821 431 895 Literulae,
454 822 541 881 nobis
558 822 695 880 coeuntia
714 831 847 897 tempore
868 822 962 898 longo

265 906 400 966 Vulnera
421 907 607 984 rescindunt,
629 907 730 966 animo
749 908 823 983 quia
844 925 924 965 vana
945 907 1127 983 ministrant,
1255 914 1256 991 l

190 1012 199 1039 ι
266 990 376 1064 Qualia
396 991 522 1050 fallaces
542 992 725 1050 frustrantur
744 992 854 1069 gaudia
877 993 978 1050 somni

265 1076 368 1135 Instar
389 1085 558 1149 ventorum,
579 1076 756 1151 levibusque
777 1076 932 1135 simillima
951 1076 1060 1136 fumis:

265 1161 318 1234 Ut,
340 1162 459 1236 quoties
480 1162 554 1225 mihi
573 1162 653 1219 lecta
665 1163 767 1235 refert,
784 1181 883 1238 neque
902 1169 1037 1236 praestat
1051 1164 1180 1222 amicum

264 1246 394 1323 Pagina,
419 1245 552 1305 detester
571 1247 662 1307 toties
686 1266 755 1304 mea
772 1247 897 1304 numina
920 1248 1036 1305 Musas.

264 1330 341 1389 Inde
360 1331 404 1401 fit,
427 1338 469 1401 ut,
494 1331 620 1405 siquae
642 1333 786 1390 manabat
805 1331 917 1408 largior
941 1331 1014 1389 olim

266 1413 394 1473 Castalii
414 1414 514 1473 laticis
534 1425 639 1474 nostro
661 1417 699 1473 de
720 1426 846 1492 pectore
866 1435 954 1488 vena,

264 1499 435 1575 Pauperior
457 1501 538 1571 fluat,
560 1509 590 1558 et
605 1516 770 1577 suppresso
793 1498 877 1559 fonte
899 1500 1032 1559 resistat.
1070 1535 1071 1539 =

264 1584 354 1644 Unde
375 1585 466 1662 igitur
489 1605 606 1658 versus,
630 1596 660 1644 et
680 1594 769 1663 rapto
792 1604 913 1643 carmen
935 1584 1033 1644 amico

266 1662 434 1743 sufficiam,
456 1672 504 1728 cui
522 1690 579 1729 neo
597 1672 741 1733 Phoebus
764 1670 940 1747 respondet,
963 1678 997 1726 ut
1016 1678 1098 1744 ante,

264 1754 332 1813 Nec
352 1763 438 1814 vetum
461 1756 576 1831 aspirat
596 1765 773 1835 vegetantes
794 1756 926 1833 impetus
950 1773 1052 1827 auras,

264 1840 464 1914 Parnassum,
488 1849 518 1898 et
538 1860 654 1900 sacram
677 1841 781 1901 solitas
802 1840 962 1917 impellere
985 1838 1143 1899 Cirrham?

265 1924 355 1998 Quod
378 1926 452 1983 mihi
473 1926 500 1984 si
522 1926 607 1984 nullo
628 1926 814 2001 squallerent
833 1932 957 2002 pectora
970 1925 1064 1999 luctu,

265 2011 305 2068 Et
325 2029 382 2086 par
403 2010 557 2087 ingenium
578 2011 698 2088 magnis
720 2011 880 2069 conatibus
901 2017 996 2083 esset,

267 2093 409 2170 Supremi
431 2095 524 2152 officii
545 2094 733 2171 praestarem
754 2097 821 2153 iura
843 2093 952 2154 sodali.

267 2178 329 2240 Sed
349 2178 423 2256 vigil
446 2179 485 2236 ad
505 2198 604 2252 curas,
628 2181 761 2255 solisque
783 2181 911 2241 adsueta
930 2177 1063 2255 querelis

265 2263 335 2322 Non
360 2263 442 2321 veuit
461 2264 500 2321 ad
520 2273 623 2341 partes
644 2266 732 2325 toties
752 2265 826 2323 mihi
846 2266 935 2322 Musa
957 2264 1060 2336 citata,

265 2348 328 2408 Pro
347 2349 449 2407 verbis
472 2350 602 2409 fundens
623 2351 776 2423 lacrimas,
795 2370 851 2428 pro
872 2348 1007 2406 carmine
1026 2356 1161 2423 questus.

265 2433 316 2493 Ne
337 2442 440 2492 tamen
461 2443 513 2492 aut
534 2436 644 2512 pictas,
668 2445 730 2510 aut,
752 2436 837 2493 cuius
858 2442 964 2492 sancta
987 2442 1139 2509 potestas,

265 2518 426 2578 Claudicet
442 2521 536 2578 officii
554 2541 625 2596 pars
649 2522 712 2580 ulla
734 2519 902 2580 novissima
921 2519 1027 2588 nobis3

266 2603 336 2662 Huc
360 2604 434 2663 ades
457 2605 591 2664 adiutrix
613 2609 713 2666 nostri
732 2606 838 2682 regina
859 2604 988 2675 laboris,

266 2689 307 2747 Et
327 2689 411 2761 mihi,
434 2691 639 2766 Melpomene,
660 2693 794 2769 potiores
813 2688 957 2766 praecipe
981 2684 1110 2761 Cantus,

266 2773 403 2833 Fletibus
423 2773 590 2836 immodicis
614 2786 751 2837 statuens
778 2776 845 2849 quis
867 2773 1013 2831 terminus
1034 2774 1153 2832 haeret:

268 2859 352 2935 Quos
375 2858 525 2919 desiderio
548 2864 638 2934 fines,
661 2881 738 2937 quae
759 2868 901 2937 tempusa
920 2877 1008 2934 pono.

266 2946 307 3003 Et
326 2958 416 3018 quum
436 2953 467 3003 te
488 2947 520 3003 in
542 2956 660 3024 partem
678 2947 870 3003 lacrimarum
893 2961 986 3019 saepe
1007 2944 1150 3015 vocarint,

267 3030 353 3088 Pone
373 3048 480 3107 graves
500 3029 640 3108 gemitus,
661 3031 853 3104 lamentaque
873 3029 978 3087 desine
998 3047 1128 3103 mecum,

267 3115 421 3173 Funercos
442 3116 576 3175 lacerata
597 3117 695 3188 sinus,
719 3116 860 3173 immissa
879 3115 1007 3173 fluentes

267 3200 358 3259 Hirta
379 3220 435 3277 por
457 3220 510 3258 ora
532 3220 646 3272 comae,
669 3209 699 3258 et
721 3201 820 3260 scisso
844 3198 996 3274 squallida
1015 3196 1118 3273 peplo.

269 3283 364 3344 Come
387 3292 557 3344 serenatam
581 3286 661 3345 festo
685 3286 856 3344 diademate
876 3285 1017 3341 frontem.

267 3370 363 3427 Indue
383 3389 536 3446 purpureo
557 3371 711 3430 radiantes
735 3371 849 3428 lumine
871 3368 978 3428 cultus.

268 3455 408 3512 Detersis
432 3454 522 3526 curis,
544 3463 574 3512 et
591 3456 681 3532 pulsa
703 3458 783 3515 nube
805 3453 914 3512 doloris

268 3537 463 3615 Compositos
485 3559 591 3601 manes
612 3541 701 3601 hilari
725 3541 840 3618 pietate
861 3537 1007 3596 colamus.
