2560 4216
500 341 652 436 -ιοὲ

163 504 261 581 δίδου,
284 505 323 568 τὰ
348 505 561 590 δυσβάστακτα
580 512 635 590 τῆς
655 506 755 592 ἀρχῆς
775 510 855 594 βάρη

162 589 301 655 δούλοισι
322 593 449 668 πιστοῖς,
470 592 499 654 τ’
521 592 660 676 ἀσφαλὲς
680 597 734 656 τού
756 597 812 656 σοῶ
834 596 902 680 βιοῦ

163 679 267 758 σαυτῷ
285 674 370 760 μόνιρ
392 675 442 758 δὴ,
463 681 508 761 τιγῖ
527 676 726 761 φιλαγρύπνιρ
748 700 781 740 τε
805 684 860 744 σού

161 757 214 827 τὰς
232 760 276 829 είς
298 760 333 822 σὲ
350 762 585 841 προσδοκῶντος
609 762 735 831 ἐλπιδας
755 764 828 847 λεῷ.

162 842 292 926 κράτους
316 843 433 927 ὁμοίως
456 842 606 910 Κελτικοῦ
628 846 665 909 τά
686 847 740 909 καί
759 867 790 909 ια

161 930 227 995 ταῖς
252 930 319 996 σαῖς
339 927 498 1011 μερίμναις
517 930 669 1014 ἀσφαλῶς
691 868 844 1014 ἐπίτρεπε.

164 1011 180 1074 ό
202 1009 319 1094 κόσμος
339 1014 358 1095 ἡ
380 1012 519 1096 εὐγένειά
541 1015 566 1078 τ’
593 1016 723 1097 ἀλκίμου
743 1013 866 1099 τρόμου

163 1092 197 1159 τό
211 1095 241 1157 τ’
268 1096 394 1181 ἀξίωμα,
409 1100 504 1162 καλδν
529 1099 701 1172 ἐξετάζεται

163 1179 197 1243 ἐκ
216 1185 272 1244 τοῦ
296 1181 404 1266 δικαίιρ
422 1184 542 1247 πλείονί
563 1186 583 1268 ἢ
607 1184 732 1267 πλούτιρ
755 1182 868 1266 νέμειν,

163 1265 277 1352 βουλὴν
297 1264 328 1326 τ’
352 1265 475 1351 ἀρίστην
498 1267 617 1351 πρόσθε
637 1274 697 1330 τῶν
720 1270 829 1352 δώρων
854 1265 948 1353 ἐχειν,

161 1348 227 1432 ἥτις
247 1351 285 1413 τά
307 1346 338 1411 τ’
360 1350 469 1431 όπίσω,
494 1354 531 1415 τά
551 1376 584 1416 τε
607 1354 666 1437 πρδ
689 1357 755 1429 τοῦ,
777 1351 887 1415 τὰνῦν
911 1351 944 1416 θ’
962 1354 1030 1439 δρᾷ.

162 1433 257 1518 νόμος
279 1434 313 1501 δὲ
333 1434 385 1496 καὶ
406 1436 440 1498 τὸ
459 1437 701 1522 δυσπαραίτητον
720 1436 829 1519 νόμου,

162 1520 214 1581 καὶ
237 1522 297 1582 τῶν
318 1521 458 1582 παλαιῶν
480 1521 583 1607 κύριαι
608 1520 694 1591 δόξαι
715 1525 822 1606 σοφῶν

163 1603 290 1666 ἕκαστον
315 1601 493 1688 ἐντρέπουσι
515 1606 651 1690 κοσμίως
670 1608 767 1691 βιοῦν,

163 1686 200 1750 τὰ
222 1691 374 1770 συγγενῶν
397 1711 429 1751 τε
453 1689 572 1774 χρηστά
596 1689 847 1774 σωφρονίσματα,

161 1771 197 1857 χ’
218 1773 239 1854 ἡ
262 1771 490 1837 νουθετούντων
512 1774 633 1860 φροντὶς
656 1773 801 1857 ἐντρεχὴς
823 1772 933 1856 φιλῶν,

164 1858 180 1919 δ
208 1856 367 1939 δυσμενῶν
388 1880 421 1919 τε
441 1860 619 1941 κατάγελως
640 1857 677 1922 τὰ
705 1858 871 1941 σφάλματα

163 1944 223 2002 τῶν
244 1941 461 2050 γειροδείκτως
482 1943 711 2028 ἐμφανιίόντων
732 1940 837 2010 πολύς.

165 2026 212 2087 σοὶ
235 2026 276 2101 δ,
299 2026 325 2087 ὦ
348 2027 498 2110 κράτιστε,
514 2027 548 2113 χ’
572 2030 598 2091 ῶ
622 2027 778 2110 λογισμὸς,
804 2027 824 2110 ἥ
846 2027 872 2090 τ’
900 2027 990 2115 ἄκρα,

162 2107 270 2192 νόμοις
290 2110 445 2196 πατρῴοις
466 2113 503 2195 ἣν
527 2112 638 2197 νέμεις,
663 2111 797 2187 ἐξουσία,

162 2195 213 2257 καὶ
236 2198 290 2277 τῆς
314 2196 462 2280 τεκούσης
484 2198 516 2261 αἱ
540 2197 737 2282 φιλόστοργοι
758 2195 879 2281 φρένες,

161 2278 181 2361 ἥ
203 2277 230 2340 τ’
254 2277 452 2365 αίιταδέλφου
474 2280 651 2367 πιστόφρων
677 2280 791 2362 όμιλία,

161 2364 213 2426 καὶ
234 2369 294 2425 τῶν
317 2365 396 2426 λεῶν
417 2367 437 2448 ἡ
462 2367 585 2449 φροντὶς
606 2365 753 2448 εὐπειθὴς
775 2366 869 2448 πάρα.

121 2447 274 2527 πρὸς-τού
297 2449 417 2512 τελείου
462 2449 594 2517 ασιλέως
615 2450 667 2513 καὶ
688 2454 853 2530 νητρεκοῡς

164 2527 243 2594 ἔστιν
267 2533 396 2617 φιλῆσαι
417 2556 470 2617 την
490 2534 587 2617 δίκην,
617 2532 691 2617 σάφ’
715 2531 799 2595 οἶσθ’
823 2531 880 2615 ότι,

164 2615 255 2699 ῥύσαι
278 2638 310 2678 τε
332 2617 437 2701 πλήθη
460 2622 513 2701 τῆς
537 2616 718 2701 ἐπειγούσης
740 2617 824 2699 δύης,

162 2699 301 2783 ἀγαθοὺς
322 2702 377 2785 μὲν
402 2702 514 2783 αύξειν,
535 2703 586 2765 καὶ
607 2700 820 2765 κολούσασθαι
844 2700 969 2780 κακοὺς,

161 2787 273 2869 κράτος
294 2792 437 2871 πατρῷον
460 2788 514 2871 την
535 2810 569 2850 τε
589 2791 644 2870 γῆν
667 2785 859 2863 ἐπαοξάνετν,

159 2870 244 2934 τοῦτ’
271 2869 309 2934 αὖ
335 2873 505 2957 μονάρχην,
527 2873 620 2955 δῆλον
645 2874 688 2939 ῶς
705 2874 794 2955 τηρεῖ
811 2869 917 2953 μέγαν.

120 2952 146 3016 ὦ
166 2954 319 3039 πάνσοφ’,
337 2954 370 3019 εἴ
390 2980 438 3019 σοι
459 2955 573 3021 Μοῦσα
591 2955 748 3037 παρθένου
771 2953 870 3038 μίλει,

161 3039 248 3108 ἐλπὶς
268 3042 303 3104 τὸ
327 3040 433 3105 λοιπόν
458 3041 549 3118 ἐστιν,
569 3044 612 3109 ῶς
635 3040 778 3122 διάξομαι

160 3123 298 3191 κλύουσά
324 3147 383 3209 μου
411 3128 574 3209 μολπαῖσιν
598 3123 815 3208 ἐντονωτέρυτις

160 3207 195 3271 τό
218 3208 246 3271 τ’
262 3208 405 3293 ἐνάρετον
426 3215 493 3284 σού,
516 3212 569 3293 τήν
592 3209 619 3272 τ’
642 3209 782 3291 ἀοίδιμον
804 3209 904 3292 χάριν.

162 3293 238 3356 ὥστ’
261 3294 305 3363 είς
325 3295 360 3359 τδ
382 3293 495 3378 μέλλον
519 3295 554 3358 αἱ
572 3294 663 3378 κόραι
682 3292 863 3378 Πικταβιδσς

161 3381 238 3463 πρδς
259 3374 395 3448 Κλάνιος
416 3378 527 3464 ὄχθαις
550 3377 634 3462 μόρι’
659 3377 783 3463 ηἷσονται
805 3376 896 3461 μέλη.

205 3477 273 3529 Fere
296 3478 329 3527 ad
353 3477 463 3529 verbum
481 3493 516 3527 ex
535 3478 696 3542 autographo
715 3473 850 3527 Gauium
873 3476 956 3542 ipsiu
970 3489 1033 3541 ρυσ·

270 3545 333 3596 triae
351 3547 384 3596 εδ
405 3561 453 3596 nos
475 3546 508 3596 ab
527 3561 559 3599 σε
576 3547 667 3601 mino.
685 3545 765 3597 Anno
784 3542 860 3596 1578.
