2560 4216
659 333 810 431 -νι,

278 502 365 575 1,73
385 497 522 563 λοίσθιον
545 497 725 582 ἀσθμαίνων
743 499 867 583 πυμάτῃ
891 493 1037 568 Βεστῖνος
1057 499 1127 563 ἐν’
1106 521 1178 584 οιμῇ,

318 584 371 646 καὶ
395 583 533 666 στυγίους
552 583 649 647 νεύων
676 585 719 653 εἰς
735 584 844 649 Ἀΐδαο
867 581 994 665 δόμους,

277 667 434 751 κλωστῇμ
461 668 600 732 ὑστάτιον
624 671 815 755 στρωφώσας
838 668 959 730 λίσσετο
985 666 1105 753 Μοίρας

319 752 418 817 ἕλκειν
441 752 550 817 τυτθὸν
573 752 645 816 όσον
668 754 789 837 νήματα
813 755 967 858 φριιοφαῆ,

278 835 430 968 μέσφαφ
433 838 548 908 ιλοιςζ
532 840 615 913 ζώει,
640 837 782 920 θνήσκων
807 836 900 920 μόνος
922 835 1015 905 αὐτὸς
1035 837 1142 922 ἐαυτῷ.

293 922 421 1032 κάμψε
406 944 437 984 ν
459 921 646 1004 ἀμειδήτους
666 913 716 985 666
737 921 840 1026 δέημα
861 921 996 988 θεάς-

278 1004 344 1070 είτα
367 1007 465 1115 φάος
466 1007 565 1073 λείπει
590 1005 786 1112 διανείμας
765 1027 897 1070 ασπετον
919 1003 1024 1090 ὄλβον.

318 1091 371 1155 καὶ
394 1089 471 1173 μετά
487 1095 584 1154 ταῦτα
603 1089 703 1174 γέμων
727 1091 811 1175 αὑτῷ
834 1088 922 1159 ἔδοξε
945 1088 1062 1153 θανεῖν

280 1262 367 1334 1,78.
392 1256 462 1320 εότε
480 1257 571 1326 νόσος
587 1280 739 1322 πονεοντα
753 1257 926 1341 παρισθμια
946 1256 1047 1342 θλῖβε,
1062 1257 1110 1320 καὶ
1121 1254 1173 1339 ηδη
1242 1224 1243 1265 ³

320 1342 389 1446 6666
414 1341 488 1423 ὅλην
474 1342 704 1448 νλειχὴνπ
635 1364 704 1426 ειμπ
709 1342 986 1428 ’ἐπιβοσκόμενος,

276 1426 483 1531 παρφάμενος
498 1426 634 1508 γνωτοδς
643 1428 845 1574 ἀμιδάιιφοας
867 1426 959 1494 αὐτὸς
981 1425 1112 1511 ἀδακμυς

319 1507 483 1613 Φῇστος”
465 1532 543 1593 εγνοι
565 1510 673 1597 διαβὰς
687 1510 756 1580 εἰς’
790 1511 857 1574 ίδαο
879 1510 996 1573 θανεῖν.

277 1593 347 1658 οὐδ
370 1595 475 1677 ἐμίηνε
498 1600 584 1680 ποτῷ
603 1596 706 1679 καθαμ
710 1597 743 1660 66
767 1595 865 1677 στόμα
884 1617 946 1679 φαμ
931 1592 1100 1678 μμαιιόεντι,

319 1678 391 1742 οὔτε
412 1681 605 1787 πολυχρονίῇ
625 1618 706 1746 τὸνρ
700 1679 849 1763 μόρονι
822 1680 906 1742 εἷλκε
928 1678 1028 1763 μιῇβ

272 1761 417 1848 Ῥοιμαίῇ
441 1765 551 1869 σεμνὴν
575 1764 678 1871 βιοτὴν
702 1766 871 1873 σφρῇγισσε
891 1766 1050 1846 τελευτῇ,

318 1850 369 1911 καὶ
387 1847 590 1952 ρενναιοτέμιρ
611 1848 721 1954 πότμῳ
741 1850 844 1932 ἀφῇιιε
866 1849 1004 1930 πνοήν.

275 1934 368 1996 τοῦδε
390 1931 485 2015 μόρον
507 1939 594 2016 τιμᾷν
616 1911 807 2016 δόναταιπμ
811 1931 909 2016 δμόμ
912 1953 959 1994 οιο
983 1928 1124 1995 Κάτωνος

320 2017 407 2079 αἰών.
428 2017 519 2079 τοῦδε
542 2017 631 2100 φιλος
649 2014 772 2101 Καῖσαρ
794 2017 935 2101 ἐτύγχαν’
954 2016 1025 2078 ἐών.

277 2187 366 2260 9,.86
389 2182 550 2247 Σειλιον
532 2184 697 2269 οικυμόμοο
720 2186 838 2294 πότμον
860 2187 994 2268 6666666
1014 2183 1144 2269 Σεβήμου

319 2269 356 2332 οὐ
379 2274 435 2352 μιῇ
456 2268 594 2353 Αὐσονίῇ
618 2271 728 2353 σεμνόν
750 2269 833 2333 ἐν’
805 2271 912 2354 ευεπιῇ

277 2353 330 2417 σὺν
353 2352 494 2422 Μούσαις
515 2355 565 2417 καλ
586 2354 696 2439 Φοίβῳ
718 2355 771 2417 ἐδε
757 2356 946 2461 ινοπάθησα
968 2355 1089 2436 νοήσας,

317 2433 414 2521 κάρὼ,
439 2439 543 2523 φησὶν,
565 2439 621 2522 ἐμδ
606 2380 782 2545 δνΦοῖβος
803 2438 940 2502 ἔκλαυσα
959 2438 1057 2500 Λίνον.

277 2522 309 2590 ἐς
331 2524 365 2585 δὲ
387 2524 568 2631 κασιγνήτῇν
594 2523 694 2607 όμόων
719 2523 856 2608 (παρὰ
842 2546 858 2586 ο
865 2520 986 2585 Ηίστατ
1007 2513 1153 2603 ἀδελφεῷ)

318 2603 436 2669 K677'
390 2609 511 2690 ιλοπην,
534 2610 610 2670 ιδιον
633 2609 684 2671 καὶ
708 2610 743 2671 σὺ
759 2605 968 2683 πέπονθας,
950 2629 1022 2691 εφη.

277 2693 328 2754 τὸν
295 2691 410 2754 δΔία
431 2688 595 2774 Ταμπεῖον,
618 2695 669 2755 τὸν
684 2691 855 2756 Παλατῖνον
879 2691 1027 2774 ἄθρησον.

322 2776 422 2861 βλάψε
444 2776 699 2859 παμασπονδοῦσ
724 2777 921 2862 ἀμφοτέρους
940 2777 1080 2860 Λάχεσις

276 2859 439 2923 ἀθανάτων
461 2864 558 2945 φῦλον
582 2862 735 2945 μοίραις
723 2884 819 2925 υποκε
822 2863 924 2943 ίμενον
946 2862 1037 2927 εἰδὼς

318 2947 419 3007 πᾶσαν
444 2946 504 3010 ἀπὸ
529 2947 643 3031 σφείων
668 2970 705 3029 με
691 2946 781 3031 μ’φιν
806 2946 1061 3012 66006266066(

279 3117 327 3189 11,
336 3118 385 3177 11.
397 3114 973 3221 τὴνἀγέληνπερίαλλαφιλῶνόσυφομ
978 3114 1031 3197 βὸς
1037 3108 1169 3194 Ἀμύντας

317 3200 480 3284 χαιμιυντ’
503 3199 607 3262 εὐκλε
580 3221 628 3281 ιῇ
650 3198 842 3282 ποιμνίου’
813 3198 985 3282 ευτραφέος
1103 3220 1104 3223 ’

276 3281 1085 3473 ³7:766ss7376⁰3373²3633777⁰”“‘

276 3451 1081 3621 ⁰⁶77760767:63666“3766
