2604 4210
678 367 743 428 408

634 453 785 462 ’.ο-

253 538 292 583 est
312 531 432 600 capitatio
456 532 525 582 inter
545 531 575 592 0,
605 539 629 582 et
648 533 679 584 G.
727 534 772 585 Sic
797 536 888 599 ingens
914 550 946 584 ee
973 536 1075 596 incens,
1099 533 1167 600 quod

252 599 353 651 seilicet
372 602 470 651 censeri
484 617 536 650 nou
549 607 634 668 potest
644 618 691 653 nec
704 602 846 652 aestimari.
875 602 921 653 Sic
930 603 1002 670 apud
1015 602 1164 663 Varronem,

254 670 351 719 citante
377 669 479 730 Nonio,
508 671 569 734 quie
596 671 629 719 ed
655 672 780 720 amussim
804 672 847 720 diu
865 686 930 734 gens
948 687 1002 722 non
1019 680 1085 722 eret:
1113 669 1165 738 lepe

252 738 381 805 Daigens.
406 738 475 804 quod
492 745 529 787 est
549 738 695 790 Diueensus
720 739 791 807 apud
809 739 922 800 Festum,
948 748 973 789 et
992 738 1164 791 setas-Glos-

255 807 355 857 sarium
374 806 467 856 Sancti
487 806 617 859 Germani.

290 875 402 925 Tenirao
419 882 478 924 sunt
498 875 578 936 Deae,
599 891 663 942 quas
679 875 769 926 Festus
783 876 822 925 ait
842 876 986 926 oTenuiee
996 876 1037 926 ita
1050 883 1164 927 aocotas.

254 943 299 993 Ita
315 943 410 993 Furias
430 943 623 995 nominavimus.
656 944 708 994 sea
723 952 822 995 ueteres
837 952 899 1011 puto
921 944 1019 994 dixisse
1035 945 1164 1007 Tomitas,

253 1019 283 1061 ut
301 1011 408 1074 Cannas,
426 1020 451 1061 et
467 1012 575 1074 Pesnas‚
596 1021 620 1062 et
633 1012 759 1079 pleraque
779 1013 910 1064 eiusmodi.
934 1013 1028 1080 Itaque
1043 1015 1165 1067 Tesnireo

254 1086 329 1130 aunt
347 1080 496 1151 τισάνειραι,
519 1097 584 1147 quoe
600 1081 711 1131 kontines
728 1082 846 1148 puniunt.
1159 1089 1162 1094 '

274 1148 306 1199 16
340 1150 451 1200 Telamo
469 1166 514 1200 seu
533 1150 661 1211 Tellnmo‚
679 1150 745 1200 idem
763 1158 808 1199 est.
836 1150 902 1212 Quos
921 1149 1019 1199 Graeci
1038 1146 1165 1204 ἄτλαντας

254 1216 325 1287 παρὰ
351 1215 380 1268 τὸ
398 1215 489 1287 τλῆναι
509 1227 650 1279 vocarunt,
681 1235 722 1268 eos
748 1217 838 1268 batim
862 1219 1027 1268 Telamonem
1070 1217 1122 1267 sea
1138 1223 1167 1267 ut

254 1283 375 1353 τελαμὼν
397 1286 525 1339 Graecum
544 1286 613 1356 παρὰ
629 1285 658 1337 τὸ
675 1284 750 1357 τλᾷν.
767 1288 847 1336 itaet
864 1287 982 1336 Tellamo
1003 1285 1073 1353 apud
1098 1285 1166 1335 Var-

254 1370 359 1415 ronem,
386 1354 483 1405 citante
505 1353 664 1421 Aupustino‚
694 1356 809 1422 quamvis
838 1373 870 1409 ee
897 1354 997 1404 Tellure
1022 1354 1164 1414 deductum,

255 1421 331 1489 quasi
351 1417 448 1492 χθονὸς
468 1418 538 1479 θεὸς,
560 1431 645 1472 tamen
662 1432 700 1473 est
719 1424 895 1491 idemipsum,
914 1430 938 1472 et
958 1423 1064 1473 eandem
1084 1423 1166 1490 oripi-

254 1507 311 1541 nem
331 1490 419 1544 habet:
441 1491 510 1541 Nam
528 1498 552 1541 et
574 1493 665 1542 Tellus
682 1494 741 1560 ipsa
760 1494 814 1543 sice
831 1493 950 1542 Tollnmo
968 1491 1039 1562 παρὰ
1051 1489 1081 1541 τὸ
1091 1489 1166 1561 τλᾷν.

254 1559 298 1610 ael
314 1566 344 1609 at
368 1561 499 1610 oetussimi
518 1560 613 1611 Graeci
631 1559 726 1612 τελάω.
761 1561 829 1611 unde
847 1562 899 1611 tolo
916 1559 1081 1620 Latinorum,
1102 1559 1167 1627 quod

254 1629 365 1696 posteris
378 1628 480 1679 'dictum
498 1630 588 1679 Tollo:
616 1630 650 1691 Ε,
671 1631 699 1679 in
719 1630 740 1680 0
759 1638 789 1679 ut
806 1631 893 1691 Eleia,
912 1630 997 1679 olere:
1023 1631 1165 1688 hemonem

255 1699 406 1760 homonem
423 1706 470 1748 etc.
492 1706 516 1747 et
529 1699 663 1764 peminato
684 1707 847 1749 consonante.
866 1715 926 1748 nam
945 1707 1042 1748 veteres
1059 1714 1111 1747 non
1119 1715 1166 1765 pe-

254 1765 388 1816 minabaot
406 1775 584 1817 consonantes.
622 1767 689 1829 Quin
707 1775 732 1816 et
754 1769 837 1834 ipsum
856 1767 1015 1817 Graecorum
1035 1767 1167 1833 antiquum

255 1831 354 1889 τελάω,
370 1835 533 1901 pereprinum
553 1843 606 1897 est;
623 1844 661 1885 est
678 1836 753 1897 enim,
774 1844 803 1886 ut
820 1837 924 1901 infinita
936 1835 1002 1896 ulia,
1016 1836 1168 1901 eoSpriaco

257 1903 355 1970 linpua.
374 1920 434 1952 nom
450 1904 478 1953 in
497 1921 527 1953 ea
541 1905 593 1954 Tsl
612 1913 650 1954 est
667 1902 743 1974 τλᾴν,
760 1912 790 1954 ut
807 1903 853 1974 ἔρα
866 1904 976 1970 Syriaco
996 1921 1047 1966 ern,
1066 1902 1166 1954 Arabes

255 1979 280 2021 et
297 1970 409 2021 Hebraei
427 1973 489 2024 End.
509 1990 557 2038 quo
576 1974 676 2024 nomine
694 1989 778 2023 omnes
796 1990 860 2040 pene
876 1974 915 2023 ita
930 1980 1034 2024 cocant.

273 2038 289 2088 ⁸2
325 2040 490 2090 Ambarvalia
506 2041 640 2106 Neptunus
660 2041 728 2108 quod
747 2040 846 2092 ommat
863 2058 938 2091 arao.

273 2107 290 2157 3
324 2108 461 2172 Empsnda
479 2126 528 2175 pro
543 2110 643 2162 Cerere.
667 2110 751 2160 Varro
762 2110 833 2176 apud
842 2109 1022 2176 Aupustinum,
1037 2115 1061 2158 et
1070 2109 1167 2158 Festus.

273 2174 290 2224 lt
324 2176 374 2225 Dis
392 2193 424 2224 ee
443 2177 543 2227 Graeco
566 2176 625 2234 δεὺς
644 2196 694 2245 pro
714 2178 780 2238 ζεὺς.
803 2179 870 2229 assde
886 2179 989 2247 patrius
1012 2194 1087 2228 casus
1106 2175 1168 2233 διός.

248 2241 329 2294 'Unde
350 2244 450 2296 Diiovis
474 2246 544 2311 apud
563 2245 713 2306 Varronem.
733 2256 826 2314 postea
846 2249 870 2298 D
892 2248 984 2314 periit,
1008 2254 1037 2297 ut
1057 2247 1168 2304 Dionos,

254 2313 342 2363 Ianus.
368 2314 435 2363 unde
454 2315 540 2364 Dione
563 2316 658 2366 mansit
681 2315 752 2386 παρὰ
774 2315 803 2367 τὸ
825 2315 889 2367 δῖον.
913 2317 967 2366 Nos
990 2316 1018 2365 io
1045 2315 1120 2375 Iove,
1139 2321 1168 2363 ut

255 2382 335 2501 {tiam
350 2382 378 2431 iu
395 2382 482 2433 multis
500 2383 575 2446 aliis,
602 2402 757 2435 communem
781 2385 924 2453 opinionem
941 2385 1023 2434 secuti
1045 2400 1129 2433 sumus
1151 2398 1169 2432 u

269 2454 380 2503 uvando.

273 2518 290 2570 4
324 2520 451 2581 Februus,
471 2528 509 2569 est
529 2538 546 2571 o
569 2522 669 2573 Graeco
691 2521 834 2593 φοιβάζειν.
856 2521 986 2592 φοίβερος.
1026 2520 1070 2570 Ita
1089 2519 1169 2585 ipitur

255 2587 385 2637 Phoebum
404 2590 535 2639 vertimus.
613 2618 616 2624 ·

274 2653 291 2705 6
324 2656 457 2720 Nationes,
475 2657 601 2708 Mavortis
622 2676 768 2724 cognomen.
790 2658 913 2709 Sabinam
926 2653 1170 2734 paccinianum&

255 2722 285 2774 τὸ
305 2728 392 2794 νεῦρα.
412 2724 561 2792 Aliquando
579 2726 681 2777 videtur
690 2728 839 2794 sipnificare
846 2727 928 2778 Deam
939 2727 1055 2777 comitem
1064 2725 1169 2775 Mortes.

256 2793 349 2911 gepae
365 2801 485 2860 putamus
496 2794 570 2857 ,ntttt
590 2812 642 2844 esse
660 2813 737 2863 quum
753 2794 859 2866 νηρεΐδα
874 2795 917 2862 oei
930 2794 1054 2865 νερεΐνην.
1075 2792 1170 2842 Nerine

284 2880 301 2912 a
314 2870 383 2914 uteo.
712 2904 715 2909 ,
812 2876 817 2887 ’

273 2929 290 2981 7
324 2932 455 2981 Parnnde.
476 2930 560 2980 Varro
579 2930 650 2998 apud
666 2930 847 2997 Aupustinum,
870 2931 966 2982 Graeci
980 2925 1102 2981 εἰλίθυιαν
1120 2945 1169 2978 oo-

257 3007 319 3049 cont
343 2997 413 3069 παρὰ
432 2999 479 3069 τὴν
498 2998 606 3050 insuam.
635 3000 704 3069 quod
726 2999 806 3064 facile
827 3001 934 3051 accedat
952 2998 1071 3050 iucundis
1088 3013 1169 3065 puer-

254 3069 335 3135 peris,
354 3067 397 3118 cel
414 3067 483 3134 quod
498 3067 579 3132 facile
596 3068 666 3118 ciam
684 3067 726 3117 det
741 3069 842 3135 partui,
864 3069 912 3120 ltoc
931 3068 967 3118 ad
984 3065 1089 3117 uerbum
1106 3073 1171 3115 esset

256 3136 351 3187 Latine
364 3137 475 3199 Venilia,
487 3153 552 3203 quae
563 3145 600 3186 est
611 3154 628 3186 a
644 3137 776 3198 ueniendo,
794 3146 823 3187 ut
834 3139 873 3187 ait
887 3138 986 3188 Varro:
1004 3135 1050 3184 sed
1064 3133 1122 3184 alia
1133 3141 1169 3183 est

257 3205 322 3258 Dea.
340 3205 394 3255 Nos
413 3222 464 3255 non
482 3205 631 3272 respicimus
647 3213 789 3272 potestates
807 3223 894 3257 eorum
908 3206 1047 3265 numinum,
1065 3204 1170 3254 sedno-

256 3273 327 3323 mina
349 3281 456 3329 tantum.
474 3273 635 3324 invocabant
653 3282 677 3324 et
691 3275 869 3325 Nummerism
880 3277 972 3335 Deam,
991 3280 1021 3322 at
1031 3273 1071 3322 ait
1086 3272 1169 3323 Varro

254 3342 295 3392 sse
315 3342 402 3392 liberis
421 3342 568 3403 camundis,
587 3342 656 3410 quod
671 3359 777 3393 numero
792 3361 841 3410 pro
850 3345 954 3416 ταχέως
968 3342 1066 3392 dicunt.
1082 3342 1171 3408 itaque

274 3409 303 3461 *u
322 3408 459 3462 ὢκὺτοκον
477 3411 655 3462 Nummeriam
674 3412 804 3464 vertimus.

325 3481 405 3530 Vitae
424 3486 483 3529 suut
500 3478 640 3546 nymphae,
660 3488 690 3529 ut
708 3478 774 3530 atttt
794 3499 826 3531 ec
849 3481 925 3531 Festo
944 3477 1070 3539 dicienus,
1097 3473 1171 3543 quasi

257 3545 395 3618 χλωρίδες.
416 3547 604 3610 Querquetulae
625 3545 743 3617 δρυάδες.
