2604 4210
513 367 663 463 „muz

130 534 285 598 Scor-ilicis
308 535 392 595 adsis
413 555 431 594 o
454 554 530 612 pura
551 545 652 596 mente
671 538 828 611 ministris,

128 625 280 681 Avertens
301 620 478 698 illegitimae
499 622 677 699 cuppedinis
700 631 813 682 aestus.

128 788 1045 867 MateriaeGanasatumsercPcrcammcusjimeaeromata.58

128 877 251 936 Martae
271 875 420 947 infinitae,
442 874 590 953 nigrantis
618 872 710 934 nocti’
731 894 893 954 propages,

129 961 197 1021 Vos
219 978 360 1036 precoro
384 959 534 1032 celebres,
555 979 633 1036 quae
657 961 867 1021 subcoeleste
889 962 999 1039 palude

131 1045 202 1122 Qua
221 1063 315 1103 canus
339 1044 439 1119 liquor
457 1045 589 1103 induferi
609 1046 646 1107 de
667 1046 752 1105 fonte
773 1046 885 1105 lavacri

130 1131 259 1189 Labitur
278 1130 394 1188 aeterni
415 1130 538 1206 specuis
560 1131 615 1189 sub
636 1134 753 1205 pumice
776 1150 881 1208 opaco,

130 1214 223 1275 Cives
244 1213 426 1291 pervolgatis
450 1215 572 1272 alumna
594 1216 759 1274 animantia
783 1224 892 1289 terrae,

129 1301 208 1359 Inde
228 1299 287 1357 loci
305 1298 343 1356 ad
364 1306 525 1359 ventosum
543 1300 695 1359 hominnm
717 1300 843 1375 seclum,
859 1302 938 1374 leve,
953 1301 1042 1360 hians

129 1381 267 1463 Pergiti',
290 1384 446 1443 carbaseis
468 1385 625 1444 obstantes
646 1386 762 1444 lumina
784 1386 872 1461 velis,
947 1386 1043 1463 [spes,

130 1470 231 1530 Fatali
247 1470 279 1527 in
301 1486 421 1544 campo,
441 1478 474 1527 ut
493 1469 580 1548 bigas
603 1470 682 1530 levis
704 1473 857 1549 aurigatur

131 1554 238 1615 Gloria
258 1554 392 1613 iustitiae
411 1553 451 1612 ad
472 1563 581 1627 metas,
605 1556 732 1631 speique
753 1563 783 1614 et
805 1575 954 1629 curarum,

130 1641 172 1699 Et
189 1640 290 1716 legem
312 1638 405 1710 casei,
425 1641 538 1717 magui,
559 1636 714 1697 laudabili'
734 1641 830 1717 regni.

132 1725 265 1783 Tantum
288 1724 386 1782 Morta
407 1732 454 1783 est
477 1724 550 1783 vitai
571 1725 681 1800 prima,
704 1725 785 1783 haud
807 1725 865 1784 alis
886 1724 965 1783 nllus

130 1810 246 1868 Divum
267 1809 318 1883 qui
336 1808 465 1885 pedibus
486 1810 611 1886 polsant
630 1809 793 1868 coenacula
818 1808 904 1882 coeli,

130 1896 173 1954 Et
182 1894 259 1952 Iovi’
272 1893 416 1954 cortumio
430 1903 486 1954 est.
509 1894 618 1952 etenim
630 1912 708 1968 quae
720 1903 828 1952 cuncta
838 1901 961 1952 manent
973 1911 1044 1966 nos,

134 1978 266 2036 Tantum
286 1981 393 2052 Morta,
417 1981 562 2054 Iovisque
584 1980 699 2037 aeterni
721 1980 849 2038 daedala
868 1998 954 2038 mens
978 1978 1043 2038 scit.

132 2061 320 2137 Nocturnae,
338 2064 501 2124 mitissima
522 2073 655 2142 pectora,
677 2065 800 2123 numina
817 2066 926 2138 amica,

132 2151 319 2226 Atropeque,
337 2150 516 2223 etLachesi,
533 2157 562 2209 et
574 2147 711 2223 Clotona,
733 2171 751 2209 o
770 2152 917 2226 patrimae
927 2150 1044 2222 adeste,

126 2234 253 2306 ¹Aeriae,
274 2234 404 2308 invisae,
423 2237 558 2307 tetricae,
578 2236 759 2309 irrequietae
777 2236 892 2294 Divae:

133 2319 246 2380 Omnia
263 2319 336 2376 item
357 2321 528 2380 mortalibu’
550 2338 627 2394 quae
646 2320 737 2393 datis,
760 2321 864 2378 omnia
882 2321 979 2378 fertis.

133 2405 161 2465 Ο
181 2422 260 2475 mea,
279 2404 406 2478 Mortua,
426 2406 527 2464 audite
549 2405 688 2463 lubenter
707 2405 770 2462 liba
791 2422 970 2481 precesque,

131 2488 423 2564 Nubilatergentes
444 2486 630 2550 mordacibu’
653 2497 780 2566 pectora
803 2490 892 2547 curis.

178 2664 350 2724 Gratiarum
370 2681 419 2720 aaa
443 2660 631 2720 Venastatmu
652 2660 791 2734 suffimen,
814 2667 964 2717 storacem.
1003 2654 1045 2715 59

132 2749 249 2809 Adsitis
270 2749 407 2807 celebres
432 2745 566 2804 illustres
590 2744 725 2817 Gratiae,
745 2745 892 2815 honorae,

132 2834 302 2912 Progenies
328 2832 412 2892 Iovis
435 2831 526 2903 alma,
546 2830 740 2904 Paludaeque
759 2828 892 2907 Egeriai,

133 2921 263 2979 Maieata
285 2927 315 2977 ct
337 2918 440 2990 Flora,
464 2924 494 2974 et
514 2914 628 2988 Vitula,
652 2914 868 2992 augustissima
891 2912 988 2990 virgo,

132 3005 283 3063 Laetitiae
307 3011 430 3076 matres,
452 3000 584 3077 lepidae,
603 3019 708 3077 purae,
731 2999 906 3070 vitulantes,

133 3090 312 3162 Voltumae,
334 3106 455 3164 semper
472 3085 597 3156 virides,
619 3082 791 3144 mortalibu’
811 3092 927 3162 gratae,

133 3174 252 3234 Votitae
274 3192 398 3252 puerae,
422 3172 617 3241 Vortumuae,
640 3171 769 3242 coesia'e,
793 3188 948 3239 amoenae,

133 3260 286 3320 Assiduae
308 3266 429 3318 ventate
450 3255 585 3313 volentes
608 3255 709 3313 fausta
730 3253 877 3314 Camillis.

134 3430 230 3488 Dicae
242 3430 374 3486 Nemesis
393 3424 591 3485 Graecanicae
607 3425 730 3500 (Latine
745 3423 959 3496 Verticordiae)
1004 3418 1046 3480 60

134 3596 179 3656 Te
199 3614 275 3657 voco
295 3603 325 3653 te
344 3593 488 3665 Nemesis
508 3527 716 3665 viitirminiiea,
736 3608 848 3668 magna
872 3587 1011 3661 Camilla,
