2532 4216
672 309 691 367 6

228 477 310 540 Nam
329 478 385 536 tibi
406 477 476 536 lieet
494 478 598 534 omnia

273 562 369 636 Scire,
391 581 450 637 quo
465 562 539 621 ⁴sine
559 562 602 620 nil
620 561 725 620 Venus

271 649 383 727 Audet,
401 646 487 704 irrita
508 656 580 706 eunt
595 653 714 723 patrum

233 752 234 757 ¹
272 735 364 805 Vota,
383 731 428 789 nil
445 731 516 788 fidei
537 731 640 791 valent

274 817 368 879 Sacra
384 824 475 893 pacta
494 817 629 874 maritae.

231 903 289 965 cui
310 903 393 979 capis
414 901 480 960 leve
501 898 693 959 flammeum?

272 989 399 1047 Pineum
420 986 552 1044 faculam
573 983 693 1062 quatis?

271 1074 361 1150 Quae
381 1071 485 1148 puella
503 1078 547 1129 tot
570 1071 702 1148 ignibus,

272 1159 351 1235 Quis
375 1163 419 1214 tot
438 1157 477 1215 ah
498 1156 618 1215 iuvenis
636 1159 733 1211 meret

272 1242 479 1321 Apparatibus
499 1240 567 1298 uri?

233 1328 324 1404 Quod
344 1347 400 1405 per
421 1325 497 1383 illud
519 1323 695 1394 amantium,

275 1414 359 1489 Quos
383 1418 491 1488 potens
520 1409 650 1468 Veneris
672 1405 736 1466 suin

274 1497 418 1557 Destinat
437 1515 513 1572 puer
531 1492 661 1552 ictibus?

276 1583 354 1659 Quis
374 1581 475 1658 perire
496 1580 612 1637 dicatus
637 1575 704 1636 est?

255 1666 257 1675 ’
276 1669 345 1745 Qua
365 1666 465 1744 perire
490 1663 621 1742 sagitta?

234 1752 295 1815 Sed
318 1752 389 1829 quid
412 1750 502 1810 obvia
524 1744 717 1827 quaerimus?

276 1840 355 1899 Ecce
377 1836 459 1914 quod
481 1836 603 1912 petitur,
626 1829 728 1908 palam
750 1833 810 1887 est.

277 1926 395 2001 Agmen
415 1921 499 1980 illico
520 1919 589 1976 dum
610 1917 717 1989 loquor

277 2007 403 2086 strigem,
427 2015 458 2064 et
476 2003 603 2063 Veneris
626 2007 708 2057 rotas

276 2094 393 2170 Pompa
411 2091 492 2151 sistit
512 2089 652 2146 eburnas.

233 2179 358 2254 Iamque
379 2173 556 2235 Dousiadae
578 2171 700 2229 domum

278 2262 442 2339 Hospitum
466 2260 572 2318 chorus
596 2252 732 2323 obsidet35

276 2350 384 2423 Deque
403 2345 493 2422 plebe
516 2340 699 2419 Cupidinum

276 2433 440 2510 Penniger‚
463 2430 576 2489 monitu
597 2425 695 2496 Deae,

276 2519 386 2578 Pulsat
406 2518 487 2576 ostia
508 2514 628 2574 Cursor.

234 2604 382 2665 Panditur
403 2601 517 2659 domus.
538 2596 637 2656 influit

276 2688 393 2764 Vulgus
417 2704 516 2743 omne.
541 2682 695 2741 silentium

279 2771 431 2832 collocata
451 2768 603 2846 tapetibus

190 2924 192 2939 1
277 2858 358 2916 Diva
378 2855 499 2914 nutibus
520 2854 658 2928 imperet.

278 2944 358 3002 Infit.
382 2961 434 3000 ore
450 2940 577 2998 favetur.

235 3027 346 3088 Dousii
366 3026 485 3104 generis
507 3026 610 3098 decus,

280 3113 371 3173 Clara
388 3131 476 3187 quem
500 3110 649 3169 celebrem
669 3109 746 3167 facit

279 3197 396 3256 Inclitis
419 3197 516 3256 atavis
537 3196 656 3267 domus,

281 3282 398 3342 Clarior
416 3282 523 3341 studiis
545 3288 656 3350 tamen,

280 3369 463 3442 Artibusque
485 3366 658 3434 Minervae3

238 3451 308 3513 Non
327 3452 401 3510 mibi
417 3451 493 3509 libet
513 3449 638 3507 aedibus

241 3592 244 3597 ,
281 3537 426 3596 Intulisse
449 3534 557 3612 pedem
580 3533 655 3607 tuis‚
