2560 4216
505 345 656 442 -ιοχ-

122 507 184 574 Καὶ
202 512 264 573 τῶν
286 511 390 573 καλῶν
412 509 539 593 ἐθισμὸς
560 512 597 575 ού
620 513 715 579 καλδς
735 510 833 575 πίλει.

122 591 264 658 Ἐσθλῶν
288 594 427 679 ἀφειδεῖς
451 595 507 659 οὐκ
528 597 700 682 ἀφειδήσας
718 600 832 659 κακῶν.

120 677 298 762 Ὑπόκρισίς
317 701 351 761 γε
373 677 404 743 τ’
428 680 548 762 ἀγαθοῦ
568 683 661 746 κακία
684 681 785 745 διπλ”.

124 762 167 829 Τὸ
190 763 323 847 σκληρὸν
345 762 424 848 ἦθος
445 769 552 850 σχῆμα
571 770 625 850 τῆς
646 767 732 848 δίκης
754 704 832 850 ἔχει.

125 847 232 912 Φίλων
256 848 335 911 ὑπου
356 850 409 931 γδς
430 849 522 913 δυστυ
546 851 593 933 ης,
615 853 758 937 χρηστῶν
782 849 887 933 ψόγος.

125 928 165 996 T'
189 931 307 1015 ἀγαθὸν
331 870 428 1018 ύκρύφ
474 872 546 1010 ,τύ
564 936 599 999 δὲ
619 936 712 999 κακὸν
737 934 789 997 καὶ
813 935 992 1019 σβέννυται.Ι

124 1014 279 1101 Χρηστδν,
299 1016 338 1080 τὰ
360 1039 457 1101 φευκτ
500 1023 561 1082 τῶν
584 1020 682 1089 πέλας
700 1020 810 1082 ἐνιδεῖν
829 1025 945 1090 κακοῖς.

124 1100 261 1187 Χρηστιγῖ
277 1099 355 1186 πάρ’
382 1102 468 1187 ἀνδρὶ
490 1104 570 1188 ταχύ
592 1104 772 1188 μαραίνεται
792 1103 891 1173 κότος.

124 1184 268 1270 Χρηστδς
288 1187 472 1333 τραχυνθεὶς
494 1189 707 1273 δργιλωτέρως
727 1186 804 1273 ἔχει.

124 1271 339 1338 Σπουδαῖοςο
383 1276 447 1341 τοῖς
466 1272 688 1356 πλημμελοῦσ’
712 1274 866 1358 ὑπηρετεῖ.

126 1356 216 1438 Αύτη
234 1354 350 1441 βραχὺς
376 1362 449 1427 νοῦς
471 1359 598 1440 μῖηνιςὴ
621 1360 748 1443 μνήμων
769 1357 867 1422 πέλει.

118 1436 177 1508 Ὅς
198 1439 232 1521 γ’
253 1437 430 1526 εὐλαβεῖται
451 1441 568 1526 μᾶλλόν
590 1442 652 1505 ἐστ’
677 1444 816 1527 ἀζήμιος.

124 1523 268 1608 Σώφρων
289 1527 441 1610 κρατήσαι
462 1525 490 1589 τ’
514 1527 625 1610 ἀνδρὸς
644 1527 794 1610 εὐπειθὴς
813 1530 900 1612 γυνή.

125 1605 327 1691 Ταύτύματον
348 1611 432 1695 αίρεῖ
449 1609 486 1697 χ’
507 1610 600 1694 ὅνπερ
623 1611 760 1696 ὑπερέβη
781 1613 879 1696 θαμαῖ.

125 1690 189 1776 Τὴν
212 1697 267 1755 τοῖν
290 1694 485 1777 φυλάσσεσθ’
508 1694 565 1757 οὐκ
588 1694 671 1758 ἐατέ’
698 1696 762 1758 ἐστ’
785 1697 896 1780 ἀκμήν.

124 1774 382 1861 Καταφρονηθεὶς
398 1781 537 1847 κίνδυνος
559 1779 668 1842 θοῖττον
692 1779 794 1861 μόλοι.

3 1868 7 1883 ’
126 1862 259 1927 Δυσκλει
292 1861 328 1926 ἂν
353 1888 400 1949 ειη
426 1864 536 1928 θαττον
560 1865 704 2010 οβριστοῶ
726 1863 827 1933 κλέος.

119 1943 177 2016 Ὦς
197 1947 241 2015 είς
262 1949 355 2013 κακδν
374 1951 532 2012 πίπτουσιν
557 1971 577 2010 α
608 1953 711 2012 κακῶν
730 1947 830 2034 τύχαι.

123 2030 296 2113 Ἀπολογία
316 2032 372 2096 >στὶ
395 2037 481 2118 λῆσις
504 2032 646 2117 ἐμφύλου
669 2033 769 2118 δορύς.

122 2112 205 2178 'Eat'
231 2115 296 2179 &vt'
322 2119 423 2203 ἐώρας
446 2118 607 2202 συμπύρου
628 2117 726 2204 λέσχη
751 2120 854 2204 φίλου.

126 2199 239 2285 Ψυχῆς
260 2202 276 2265 ὁ
300 2205 413 2287 δεσμὸς
438 2201 589 2286 συγγένει’
613 2201 679 2266 ἔστ’
701 2205 837 2290 ἀκριβής.

128 2279 166 2348 Τί
188 2285 226 2368 δὴ
250 2285 342 2372 ἐρεῖς,
365 2287 532 2372 σκύπησον,
554 2287 591 2350 οὐ
613 2287 644 2349 τί
665 2288 703 2370 δὴ
726 2294 858 2373 φρονεῖς.

128 2369 253 2433 Γένοιτο
278 2375 381 2458 βουλῇ
405 2375 535 2457 μᾶλλον,
557 2372 576 2455 ἢ
599 2372 693 2456 θυμῷ
713 2377 845 2454 κρατεῖν.

127 2452 246 2519 Κακίαν
270 2459 386 2543 συνήθη
412 2457 559 2542 φέρομεν,
584 2456 641 2518 οίικ
656 2455 835 2539 ἐλέγχομεν.

127 2538 254 2623 Πληγὰς
276 2543 292 2606 δ
317 2545 422 2626 μωρὸς
443 2543 565 2614 θᾶττον,
587 2541 606 2623 ἢ
653 2539 745 2620 λεύην
769 2542 870 2625 φέροι.

123 2622 284 2710 Ἔγκλημα
307 2627 400 2712 βιότῳ
420 2563 746 2710 προστρίβεις,)θανεῖν
770 2626 888 2689 ποθῶν.

127 2706 239 2774 Νοσῶν
264 2710 395 2795 ἀπειθὴς
416 2712 501 2793 ὠμὸν
528 2709 629 2793 ἰατρὸν
652 2712 743 2771 ποιεῖ.

124 2791 163 2858 ’A
209 2794 259 2864 νές
281 2798 356 2874 ἐστι,
378 2797 588 2880 δυστυχοῦντα
611 2794 778 2858 νουθετεῖν.

140 2818 276 2950 ‘asor'
302 2882 401 2966 ύπεροί
421 2902 467 2955 αν,
488 2877 608 2942 πλείον’
631 2880 673 2941 ῶν
696 2877 803 2955 ἔξεστι,
821 2882 872 2963 λη’.

128 2905 329 3049 ύημοκρατεῖ
344 2965 377 3048 γ’
401 2904 418 3028 ύ
441 2968 531 3027 πᾶσιν
554 2963 800 3049 εὐφημούμενος.

127 3045 278 3113 Κλέπτειν
299 3050 438 3118 κελεύεις
458 3049 499 3132 μὴ
522 3048 635 3125 διδούς,
658 3050 674 3111 ύ
700 3047 773 3117 δοδς
791 3049 898 3133 πάρος.

120 3127 278 3203 Ἅπαντος
298 3135 411 3219 ἄλγους
434 3130 499 3196 ἔστ’
520 3132 594 3201 ἄκος
614 3135 648 3197 τὸ
669 3137 836 3281 καρτερεῖν.

47 3238 60 3258 f
127 3216 253 3306 Συμβὰν
277 3218 519 3328 ἑκρίστῳχπαντὶ
542 3217 674 3325 ορμβαίη
697 3240 782 3281 ποτ.

210 3308 225 3324 U

127 3300 223 3368 Μισει
244 3309 370 3389 πολιτης
390 3307 515 3380 ίωντας,
537 3324 591 3371 ους
612 3301 753 3386 θνησκειν
772 3303 874 3365 ποθεῖ.

129 3383 196 3452 Ούκ
218 3390 292 3453 εἰσὶν
316 3388 438 3475 ἐχθρῶν
460 3387 612 3471 ἀσφαλεῖς
631 3387 831 3470 καταλλαγαί.

128 3469 286 3559 Χρῄίοντ’
310 3474 330 3538 ἀ
350 3477 429 3558 ηγού
451 3472 606 3536 νουθετῶν
629 3472 826 3556 κατακρίνεις.

130 3557 284 3624 Δύσκλεια
306 3498 436 3643 κύρδυυς
459 3556 568 3641 ζημίας
588 3558 694 3639 κλῆσιν
714 3554 816 3641 φέροι.
