2560 4216
467 333 617 430 ffl-

80 497 220 575 κτάσθω,
240 498 352 580 Λόγδε,
377 498 451 568 σόας
473 502 591 584 πιμελῇ
613 497 798 584 φλιδόοντας
813 496 943 569 ’Ῑόλλας.

123 582 281 668 ἀρκοῦμαι
302 581 329 646 δ’
353 583 411 647 ὑπὸ
433 585 483 647 σοὶ
506 583 711 666 σωζομένοισι
727 585 838 670 βοτοῖς.

83 773 109 820 e·
134 747 247 815 ΠΡΟΣ
266 746 608 818 ΑΥΤΟΚΡΑΤΟΡΑΣ.
631 749 702 815 ΚΑΙ
725 746 821 815 ΠΕΡΙ
847 746 995 815 ΑΥΤΩΝ.

83 839 147 913 4,1.
172 835 259 920 ἦμαρ
285 831 443 920 Καίσαρος
462 836 540 919 ἡδὺ,
563 836 711 923 σεβαστόν
735 838 852 918 μᾶλλον
877 834 995 899 ἐκείνου

116 919 185 1004 Ἴδη
212 920 243 982 ἐν
268 915 294 1004 ᾧ
314 919 424 1004 Δίκτης
444 922 558 985 κλότεσι
581 927 660 1006 φῦσε
684 921 754 995 Δία,

84 1005 198 1074 αἰῶνος
218 1002 347 1068 Πυλίοιο
369 1004 449 1068 πολδ
476 1009 681 1091 χρονιώτερον
706 1002 822 1080 ἔλθοις,

123 1087 220 1153 ταύτό
242 1088 271 1150 τ’
295 1088 344 1157 ἀεὶ
364 1091 506 1173 λάμποις,
528 1091 548 1173 ἢ
567 1091 618 1154 καὶ
641 1088 850 1173 ἀμεινότερον.

83 1171 636 1340 χρῖἷῖέπλῖλλλῗόζῗαῖθτᾶἄῗι
648 1173 915 1327 ⁰⁰5⁹3330⁹ffsp⁰¹⁹

24 1376 26 1383 ι
84 1341 196 1405 κύκλον
223 1339 327 1424 ἄγοιτο
353 1341 446 1425 μέγαν
468 1282 732 1427 περριτελλομένωρν
755 1343 913 1417 ἐνιαυτῶν,

128 1427 181 1510 ἱρά
199 1448 243 1501 τε,
263 1421 432 1509 Ῥωμαίων
454 1428 505 1490 οἶα
528 1424 678 1510 Τέρεντος
699 1426 774 1512 ἔχει.

88 1510 177 1594 ἁδρὰ,
197 1511 277 1585 θεοὶ,
299 1509 479 1618 λιτόμεοθα,
503 1512 605 1575 δίκαια
629 1513 674 1574 δὲ.
694 1513 737 1581 τίς
758 1512 816 1595 γὰρ
840 1509 969 1594 ἀναιδὴς

129 1594 207 1680 εὐχὴ
232 1593 267 1656 ἄν
292 1593 338 1678 εἴη
363 1597 438 1680 υπὲρ
457 1597 629 1659 τοσσατίοιο
653 1596 746 1670 θεοό;

89 1763 155 1836 5,3.
178 1761 270 1845 Δῆγις
290 1762 306 1824 ό
326 1758 492 1846 Ῥωμαίων
513 1767 566 1844 τῆς
586 1761 685 1868 όχθης
706 1762 773 1845 ἄρτι
795 1764 954 1848 πάροικος,

130 1846 165 1910 όν
191 1870 240 1909 σοι
262 1847 434 1916 δουλωθεὶς
450 1845 566 1930 Ἴστρος
589 1853 736 1931 επεμψεν,
761 1846 847 1927 ἄναξ,

87 1933 269 2015 χαρμοσόνγγ
293 1928 461 2017 έκθαμβος,
482 1931 555 1994 ἰδών
575 1931 713 2015 ἡγήτορα
733 1930 852 2016 κόσμου

130 2019 207 2100 πρὸς
227 2017 279 2078 τδν
305 2015 519 2100 όμαρτοόντων
542 2017 646 2079 τοιάδε
668 2019 744 2079 λαδν
767 2014 839 2100 ἔφη,

90 2104 142 2163 τοῦ
165 2103 272 2170 κάσιος
294 2101 431 2185 ζηλωτός
457 2100 517 2182 ἐγώ
541 2100 647 2176 πλέον,
672 2101 734 2165 όττι
755 2100 829 2164 θεόν
854 2124 916 2185 μοι,

131 2184 164 2248 ὃν
187 2185 310 2271 σέβεται
332 2184 462 2269 μακρὰν,
485 2184 611 2268 ἐγγύθεν
633 2185 712 2249 ἐστὶν
737 2189 821 2270 όρᾷν.

93 2354 119 2426 4,
128 2357 157 2416 3.
181 2353 300 2416 Λεῦσσε
324 2354 373 2438 δὴ,
397 2356 439 2421 ὡς
460 2354 549 2416 ὑετοῦ
564 2355 687 2421 πυκινὸς
699 2351 795 2420 πόκος
807 2353 1001 2438 ἀψοφέοντος

130 2434 289 2525 Καίσαρος
310 2439 354 2507 εἰς
374 2437 509 2506 κόλπους
527 2438 680 2511 πίλναται,
708 2435 752 2504 εἴς
773 2459 805 2498 τε
826 2438 914 2521 κάρα.

93 2514 164 2605 Ζηνὶ
188 2522 219 2586 δ’
244 2522 278 2591 θς
299 2524 417 2608 ἥσυχος
440 2521 525 2597 εἴκει,
552 2522 720 2603 ἀκινήτοισι
739 2523 917 2605 προσώποις

133 2605 227 2715 ρόγγεϊ
247 2606 449 2690 πηγνυμένων
473 2607 530 2669 οὐκ
552 2604 671 2687 ἀλέγων
693 2605 825 2682 ὑδάτων,

92 2688 170 2771 ἠθας
204 2689 268 2754 Υπε
311 2691 403 2774 ορέου
427 2689 603 2774 κατατρόειν
628 2688 725 2773 ἄστρα
745 2687 895 2768 Βοώτεω,

132 2779 186 2857 τῆς
206 2774 268 2839 θΗ
298 2776 382 2859 λίκιγς
404 2777 497 2861 διερῷ
523 2776 609 2858 κρατὶ
630 2774 862 2859 καταφρονέειν.

93 2864 144 2923 τοῦ
169 2860 281 2923 Διόθεν
306 2861 438 2943 ξηροῖσιν
463 2859 631 2944 ἀθόροντος
653 2859 830 2944 ῥαθάμιγξιν

131 2946 190 3029 ἥδε
212 2944 320 3030 κόρου,
343 2944 455 3020 δοκέω,
479 2941 637 3028 Καίσαρος
661 2943 723 3006 ἐστὶ
746 2945 844 3028 νιφᾶς.

94 3113 157 3188 7,6.
180 3116 245 3198 μῶν
260 3111 317 3260 ἄρ’
329 3110 545 3260 Ὑπεργὲορέων
562 3114 745 3196 ὁρμώμενος
760 3110 819 3173 εἶσι
833 3111 910 3193 πρὸς
921 3110 1004 3193 ἡμᾶς
1077 3180 1085 3199 γ

132 3197 194 3283 ἤδη
218 3197 250 3266 ἐς
272 3196 401 3280 >ταλιίγς
452 3200 543 3281 αῖοαρ
566 3198 689 3278 ἑτοῖμος
712 3194 819 3270 όδοός;

93 3285 149 3350 πᾶς
170 3281 224 3365 μέν
250 3304 336 3366 φησι,
355 3279 447 3363 λόγου
471 3280 501 3341 δ’
525 3281 711 3363 αὐτάγγελος
728 3279 763 3342 οὐ
783 3279 878 3362 πάρα.
904 3277 953 3340 σοὶ
967 3277 1002 3340 δὲ

132 3369 203 3447 (σὸν
225 3365 283 3451 γὰρ
306 3364 485 3450 άληθεόειν)
509 3364 533 3425 ὦ
557 3363 648 3442 Φάτι,
669 3362 854 3447 πειθόμεθα.

93 3449 252 3535 πάνδημόν
274 3472 310 3533 γε
329 3449 428 3534 χαρὰν
449 3447 558 3532 νικγφό
581 3471 601 3510 α
619 3450 679 3533 γρά
704 3471 785 3532 ματα
809 3450 918 3533 φωνεῖ,

134 3534 237 3623 χλῶρ’
261 3534 311 3598 ἐπὶ
333 3539 385 3618 τῆς
404 3536 543 3619 κορυφῆς
562 3470 658 3617 ἄγγεα
679 3473 882 3618 δαφνοφορεῖ.
