2604 4210
678 371 743 432 tua

253 543 292 588 est
312 535 431 604 capitatio
456 536 525 586 inter
545 535 575 597 G,
605 544 630 586 et
648 537 679 588 G.
727 538 772 589 Sic
797 539 888 603 ingens
914 554 946 588 ea
973 539 1076 600 inuans,
1098 534 1167 604 qnod

252 604 353 656 scilicet
372 605 471 656 censeri
484 621 536 654 non
549 611 634 672 potest
644 622 691 656 nec
704 605 846 656 aestimari.
875 605 921 656 Sic
930 606 1001 673 apud
1014 605 1164 666 Varronem,

254 674 351 724 aitante
377 673 480 735 Nonio,
508 675 569 738 quia
596 674 629 723 ad
656 675 780 725 amussim
804 676 847 724 diu
865 690 930 737 gens
948 690 1002 725 non
1016 684 1085 725 'eram
1113 670 1166 740 ispe

252 743 380 810 Duigens.
406 743 475 808 qnod
492 746 530 791 est
549 742 696 794 Diuoensus
721 743 791 810 apud
810 743 922 804 Festum,
949 751 973 793 et
993 742 1165 794 aetus-Glos-

255 811 355 862 sam'um
374 811 467 861 Sancti
487 811 617 862 Germani.

291 879 402 930 Tanirao
419 887 479 929 sunt
498 879 578 941 Deae,
599 895 663 946 quas
679 879 769 930 Festus
783 879 822 929 ait
842 879 1037 930 nTenuitoita
1050 887 1166 930 uocatas.

254 947 299 998 lta
316 948 411 998 Furias
430 947 623 999 nominavimus.
656 948 709 998 Sed
724 956 822 997 veteres
837 955 899 1015 puto
922 947 1019 997 discissa
1035 949 1167 1011 Tomitas,

253 1024 283 1066 ut
301 1016 408 1079 Oeonas,
427 1025 451 1066 et
468 1017 575 1079 Pesnas,
596 1026 621 1066 et
634 1016 759 1084 pleraque
780 1017 910 1068 eiusmodi.
935 1016 1029 1083 ltaque
1043 1016 1168 1068 Tesnirno

254 1090 330 1135 munt
347 1085 496 1155 τισᾶνειραι,
519 1102 585 1151 qnae
600 1085 712 1135 bonsines
728 1086 846 1152 puniunt.
1160 1092 1164 1096 “

274 1153 307 1205 lb
341 1155 452 1204 Telamo
470 1171 514 1204 seu
533 1155 661 1215 TeIlumo,
678 1154 746 1204 idem
763 1162 808 1203 est.
836 1154 903 1216 (lum
923 1152 1020 1203 Graeci
1039 1150 1167 1208 ἄτλαντας

255 1221 326 1292 παρὰ
351 1220 381 1272 τὸ
399 1220 490 1292 τλῆναι
510 1230 650 1284 vocarunt,
681 1239 723 1273 eas
748 1221 838 1272 Latini
862 1222 1028 1272 Telamonas.
1070 1220 1122 1270 Sed
1138 1227 1170 1269 ut

254 1288 375 1358 τελαμὼν
397 1291 525 1343 Graecum
544 1290 614 1361 napis
629 1290 659 1342 τὸ
675 1288 751 1361 τλᾷν,
768 1292 848 1341 itaet
865 1291 982 1340 Tellamo
1003 1288 1074 1356 apud
1098 1288 1169 1338 Var-

254 1376 359 1421 ronem,
386 1359 483 1408 citante
506 1358 665 1425 Aupustino‚
694 1361 810 1425 quamuis
838 1376 870 1413 ea
897 1357 998 1408 Tellure
1022 1357 1167 1418 deductum,

256 1427 332 1495 quasi
351 1423 448 1498 χθονὸς
469 1423 538 1483 θεὸς,
561 1436 645 1478 tamen
663 1436 700 1476 est
719 1429 786 1478 idem
802 1429 895 1495 ipsum,
914 1434 939 1475 et
959 1427 1064 1476 eandem
1084 1427 1169 1493 aripi-

254 1512 312 1546 nem
331 1495 420 1548 babet:
441 1495 510 1544 Nam
528 1503 553 1545 et
575 1497 666 1547 Tellus
683 1498 742 1562 ipsa
760 1498 814 1547 siae
832 1497 951 1546 Tallumo
969 1494 1039 1565 παρὰ
1052 1492 1081 1544 τὸ
1092 1492 1168 1564 τλᾷν.

254 1564 298 1615 ael
315 1571 344 1614 nt
369 1565 499 1614 retussimi
518 1565 614 1616 Graeci
631 1563 727 1617 τελάω.
762 1565 829 1615 unde
847 1566 899 1615 tolo
917 1563 1081 1625 Latinorum,
1101 1563 1171 1629 quad

254 1634 365 1702 posteris
379 1634 481 1683 ¹dictum
499 1634 589 1684 Tollo:
616 1634 651 1695 E,
671 1635 699 1683 s'n
720 1635 741 1684 0
759 1642 789 1683 ut
807 1635 893 1695 Elem,
913 1634 998 1683 oleru:
1023 1634 1168 1692 hamonem,

255 1705 407 1764 homonem3
423 1710 471 1753 etc.
492 1710 517 1751 et
531 1703 664 1769 peminata
685 1711 848 1752 consonante.
866 1719 927 1753 nam
946 1710 1043 1751 veteres
1060 1717 1112 1751 nan
1119 1718 1168 1768 pe-

255 1770 389 1821 minabant
407 1780 585 1821 consonantes.
623 1771 690 1833 Quin
707 1779 732 1820 et
754 1773 837 1838 ipsum
856 1770 1016 1821 Graecorum
1036 1770 1170 1836 antiquum

256 1837 354 1895 τελάω,
370 1840 533 1906 pereprinnm
553 1849 607 1902 est,·
624 1849 662 1889 est
679 1841 754 1900 enim,
774 1848 804 1890 ut
820 1840 925 1905 infinita
937 1838 1003 1900 alia,
1017 1839 1170 1904 enSpriaca

258 1908 356 1975 linpna.
374 1925 435 1957 nam
450 1909 479 1958 iu
498 1925 528 1958 ea
542 1910 594 1958 Tul
613 1917 651 1958 est
668 1907 744 1978 τλᾷν,
760 1917 790 1958 ut
808 1907 854 1978 ἔρα
866 1908 977 1974 Syriaco
997 1924 1048 1970 era,
1066 1906 1168 1957 Arabes

256 1984 281 2026 et
298 1975 410 2026 Hebraei
428 1977 490 2028 End.
510 1995 558 2043 quo
577 1979 677 2028 nomine
695 1993 779 2027 omnes
816 1994 860 2026 ene
876 1977 916 2028 ita
931 1984 1035 2027 nocant.

273 2043 290 2093 ‘2
326 2044 491 2094 Ambarvalis
507 2045 641 2111 Neptunus
661 2046 729 2112 qnod
748 2063 789 2095 am
810 2046 815 2057 '
836 2054 846 2094 t
864 2062 938 2095 arva.

274 2112 291 2162 3
325 2113 462 2177 Empandn
480 2130 529 2179 pro
544 2114 644 2167 Cerere.
669 2114 751 2165 Varro
763 2114 834 2181 apud
843 2113 1023 2180 Aupustinum,
1037 2120 1061 2162 et
1071 2111 1169 2161 Festus.

274 2178 291 2229 lt
325 2181 375 2230 Dis
393 2198 425 2229 ea
444 2182 544 2232 Graeco
567 2180 626 2238 δεὺς
645 2199 695 2250 pro
715 2182 781 2242 ζεὺς.
804 2184 871 2233 ursde
887 2183 991 2250 patrius
1013 2198 1088 2232 casus
1107 2178 1169 2236 διός.

249 2247 330 2299 'Unde
351 2249 451 2300 Diiovis
475 2250 545 2315 apud
564 2250 714 2311 Varronem.
734 2259 828 2318 postea
847 2252 872 2301 D
893 2252 985 2317 periit,
1009 2258 1038 2301 ut
1058 2251 1169 2309 Dianas,

256 2318 342 2368 Ianus,
369 2319 436 2368 unde
456 2320 542 2369 Diana
564 2321 659 2370 mansit
683 2319 753 2390 παρὰ
775 2319 804 2371 τὸ
826 2319 890 2370 δῖον.
914 2320 968 2370 Nos
990 2319 1019 2368 in
1045 2319 1121 2378 Iove,
1140 2325 1169 2367 ut

257 2387 336 2436 etiam
350 2387 379 2436 in
395 2387 483 2437 multis
501 2388 576 2450 aliis,
603 2406 758 2439 communem
782 2389 925 2456 opinionem
943 2389 1024 2439 secuti
1046 2403 1130 2437 snmus
1153 2402 1171 2436 a

256 2456 382 2508 lavanda.

274 2522 291 2575 b
325 2525 452 2586 Februus‚
472 2532 509 2574 est
530 2543 547 2575 a
570 2527 671 2576 Graeco
692 2525 835 2597 φοιβάζειν.
857 2525 988 2596 φοίβερος.
1027 2524 1071 2574 lta
1089 2523 1170 2589 ipitnr

257 2592 386 2642 Phoebum
405 2594 536 2643 vertimus.
614 2623 617 2628 ·

275 2658 292 2710 6
326 2661 458 2725 Nationes,
476 2662 603 2713 Mauortis
623 2680 769 2729 capnomen.
791 2662 914 2713 Sabinum
927 2659 1089 2719 uocabulum,
1100 2657 1171 2738 nupsi

257 2726 286 2780 τὸ
306 2733 393 2799 νεῦρα.
413 2729 563 2796 Aliquando
581 2731 682 2782 uidetur
692 2731 929 2798 sipnificarelleam
940 2731 1056 2781 comitem
1065 2728 1170 2778 blastus.

257 2798 349 2917 {papae
366 2807 487 2865 putamus
497 2799 572 2863 ,nitu
591 2817 644 2849 esse
661 2817 738 2867 quam
754 2797 860 2871 νηρεΐδα
875 2800 918 2868 ael
931 2798 1055 2870 νερεΐνην.
1076 2796 1171 2846 Nerine

286 2885 302 2916 a
315 2875 384 2919 atea.
814 2880 818 2891 ‘

274 2934 291 2985 7
326 2937 456 2986 annda.
478 2935 562 2985 Varro
581 2935 652 3002 apud
668 2935 848 3002 Aupustinum,
872 2934 968 2987 Graeci
981 2929 1103 2985 sllibutau
1121 2948 1169 2982 ao-

258 3012 321 3054 cant
344 3002 414 3074 παρὰ
434 3004 480 3073 τὴν
500 3000 607 3055 liaustu.
637 3005 705 3073 quod
727 3004 808 3067 facile
828 3004 935 3055 accedat
953 3002 1072 3054 iuvandis
1088 3017 1169 3067 puer·

255 3073 337 3140 peris,
355 3072 398 3122 uel
415 3072 484 3138 quod
499 3071 581 3136 facile
598 3073 667 3122 aiam
685 3072 728 3122 det
743 3074 843 3139 partui,
865 3073 913 3124 boe
933 3073 969 3123 ad
986 3070 1089 3121 verbnm
1107 3076 1171 3118 esset

257 3141 352 3192 Latine
365 3143 477 3204 Venilia,
488 3158 554 3207 quae
565 3150 602 3191 est
613 3158 630 3191 a
645 3141 777 3203 ueniendo,
795 3150 824 3191 ut
836 3143 874 3191 ait
889 3142 988 3192 Varro:
1006 3138 1051 3189 sed
1066 3136 1122 3188 alia
1133 3145 1169 3186 est

258 3209 323 3262 Dea.
341 3209 396 3259 Nos
414 3227 466 3260 non
483 3210 632 3277 respicimus
650 3217 791 3277 potestates
808 3227 895 3260 earum
910 3209 1048 3269 numinum,
1066 3206 1170 3257 sedno-

257 3278 328 3329 mina
350 3286 457 3328 tantum.
476 3278 636 3329 lnaocabunt
655 3286 679 3328 et
693 3279 870 3331 Nummoriam
881 3281 974 3340 Deam,
993 3284 1022 3327 nt
1033 3277 1072 3326 ait
1087 3275 1169 3324 Varro

255 3347 297 3397 ite
316 3347 404 3398 liberis
423 3347 570 3409 educandis,
589 3346 657 3414 quod
672 3364 778 3398 numero
793 3365 842 3415 pro
852 3348 956 3419 ταχέως
969 3346 1067 3397 dicunt.
1082 3344 1170 3410 itaque

292 3434 305 3466 ν
323 3413 460 3467 ὼκὺτοκον
479 3416 656 3468 Nummeriam
675 3417 806 3469 vertimus.

327 3485 406 3534 Virus
425 3490 485 3534 sunt
502 3483 641 3551 nymphae,
662 3492 691 3534 ut
710 3483 775 3535 alibi
795 3504 828 3535 en
851 3484 926 3535 Festo
945 3482 1070 3541 diximus,
1097 3476 1170 3545 qnasi

258 3550 396 3622 χλωρίὸες.
418 3552 606 3615 Querquetulana
627 3550 744 3622 δρυάδες.
821 3550 822 3553 ’
