2604 4210
641 380 792 476 „Ao-²-

262 553 401 612 Oocureu
424 549 569 609 horrifero
588 550 771 629 pervolgans
793 549 890 609 noctis
914 567 1021 628 opaea,

263 636 326 697 Sed
348 638 404 697 sub
426 643 457 694 te
475 634 566 712 placo
587 635 708 714 Regina
728 634 878 714 nigrantis
899 634 1023 708 Averni,

263 722 460 801 Mondngos
482 719 622 780 cumulos
644 720 762 797 protela
785 720 825 778 ad
844 720 957 778 numa
977 727 1082 792 terrae,

263 807 450 867 Fluminibus
468 805 539 863 fecii
560 812 716 866 ostentans
738 804 887 883 placabile
909 823 1030 864 nmen.

265 975 305 1033 71
465 976 565 1034 Fortia
587 975 737 1034 Fortunae
758 975 899 1051 ruffiateu,
921 981 975 1034 tua

263 1059 336 1119 Huc
357 1060 402 1119 sie
424 1059 503 1119 Fors
524 1060 667 1134 Fortuna,
690 1060 785 1120 saeris
800 1056 924 1137 Regina
941 1077 1013 1118 voco
1029 1066 1061 1116 te

264 1147 465 1217 Mamaeum,
488 1143 694 1221 Triviamque,
714 1144 760 1203 rei
781 1144 957 1220 praedivitis
980 1162 1067 1225 ergop

263 1231 305 1289 Et
321 1228 469 1288 Deianam
489 1230 666 1303 antistitum,
686 1229 772 1306 opaci
797 1229 944 1307 sauguine
966 1226 1061 1289 Conui

264 1314 473 1392 Progeniem,
494 1321 709 1397 aeternumque
727 1314 840 1377 invicta
858 1314 949 1372 laude
970 1313 1133 1372 cluentemz

266 1401 366 1474 Atque
385 1398 588 1473 Libentinam,
611 1399 822 1476 perbitentem,
845 1399 979 1458 omnibu’
1000 1406 1127 1456 mutam.

266 1482 406 1542 Daedala
424 1501 555 1561 nemque
575 1485 607 1543 in
629 1492 660 1542 te
682 1484 840 1560 opulentia
860 1491 976 1543 conant
993 1484 1165 1542 homonum.

264 1567 405 1644 Namque
425 1569 494 1629 aliis
518 1588 627 1647 copnm
649 1570 704 1629 dne
724 1588 824 1628 rerum
843 1569 987 1646 pleraque
1007 1567 1135 1638 abunde,

264 1654 477 1731 Paupertatem
501 1655 582 1728 aliia,
602 1656 715 1713 irarum
736 1654 850 1731 percita
872 1654 963 1712 iaetu.

264 1739 391 1811 Verum,
412 1758 430 1797 o
451 1738 541 1813 Diva,
566 1741 645 1799 domi
666 1748 697 1797 te
716 1740 844 1798 obsecro
866 1739 1033 1799 Favonium
1056 1738 1179 1812 adasae,

266 1823 454 1884 Gliscentem
476 1845 512 1884 re
532 1843 619 1902 eope,
642 1824 688 1883 rei
710 1823 887 1901 praedivitis
908 1843 993 1903 ergo.

266 1992 307 2051 72
565 1993 651 2052 Genti
670 1995 810 2069 ausjimea,
831 2003 886 2052 tua.

265 2075 491 2154 Magnanimum
514 2076 646 2138 Genium
666 2078 741 2152 calo,
762 2085 933 2155 praetorem
955 2075 1172 2147 venerandum,

265 2163 515 2236 Mansuetumque
537 2163 650 2236 Iovem,
672 2173 828 2222 auctorem
847 2162 1021 2241 genitabilis
1042 2179 1145 2233 aurae,

267 2246 416 2318 Driovem‚
427 2246 536 2322 ubique
547 2256 716 2327 vagantem,
732 2256 762 2307 et
769 2248 933 2307 Vaeiovem
943 2246 1182 2323 imperitantem:

267 2330 326 2406 Qui
348 2330 469 2409 largiris
493 2351 579 2408 opes,
602 2340 635 2391 ut
655 2334 739 2392 inisti
761 2341 842 2391 tecta
862 2332 1060 2405 cachinnans,

266 2418 306 2476 Et
329 2424 434 2475 contra
452 2417 602 2477 humanae
624 2419 776 2496 extinguis
799 2418 850 2494 qui
871 2417 1026 2476 commoda
1048 2417 1139 2474 vitae.

266 2501 427 2575 Laetitiae,
448 2499 604 2576 moerori,
626 2503 786 2576 Patulciu’‚
809 2501 934 2562 Clusius
958 2502 1040 2563 idem
1061 2519 1108 2562 es.

268 2585 369 2661 Quare
392 2585 494 2666 Sanga
516 2597 611 2664 pater,
632 2607 769 2647 curarum
792 2588 910 2647 aomina
929 2586 1059 2667 pellens,

267 2671 450 2732 Insidiantia
469 2674 560 2746 vitae,
581 2674 612 2732 in
631 2682 712 2732 terra
735 2673 935 2752 frugiferenti‚

267 2756 444 2832 Deprecor
467 2759 646 2834 aequanimo
668 2760 759 2818 vitem
781 2757 963 2818 concludere
983 2757 1052 2814 line.

269 2928 308 2985 73
423 2928 519 2986 Dieuc
539 2928 691 2988 Albuneae
709 2929 849 3004 aaffimen,
872 2935 1015 2985 mamete.

267 3011 438 3070 Albuneam
458 3013 545 3071 elicio
563 3021 742 3092 prognatam
763 3013 899 3090 principa
917 3009 1042 3081 Cadmo,

267 3097 419 3173 Magnam,
442 3116 518 3172 quae
537 3098 682 3156 Brumurn
704 3107 753 3169 eat
775 3097 969 3157 obstetricata
985 3093 1184 3154 nefrendem:

183 3246 186 3265 ¹
267 3181 338 3241 Huc
356 3182 429 3241 adea
452 3202 470 3241 o
493 3202 571 3258 quae
592 3183 675 3243 salsa
693 3191 780 3242 tenes
803 3189 833 3240 et
849 3182 969 3241 caerula
989 3178 1113 3256 templs,

267 3265 426 3326 Fluctibus
448 3268 598 3341 exultans,
621 3276 778 3328 nautarum
799 3268 919 3345 sospita
938 3267 1031 3337 Iuno;

267 3350 349 3410 Nam
374 3360 405 3410 te
424 3353 590 3428 respiciunt
609 3373 728 3432 puppes
749 3372 913 3430 percaeca
931 3350 1062 3429 pericla;

268 3435 338 3496 Una
355 3437 545 3497 laborantem
569 3439 680 3498 aularis
701 3439 733 3497 in
755 3457 885 3513 aequore
905 3436 1047 3516 volgum

269 3518 355 3599 Quis
367 3529 400 3579 tu
424 3522 606 3582 subveniens
627 3524 701 3585 ades
722 3524 755 3581 in
778 3523 952 3582 discrimine
964 3538 1095 3599 ,soepea

268 3604 351 3681 lingo
373 3604 513 3687 salutaria
534 3625 681 3683 praesum
704 3608 879 3687 urgentibus
902 3607 986 3668 adsis
