2560 4216
640 385 792 481 —24—4-

253 546 342 615 Ἐπ’
365 548 432 613 ἀντ’
456 550 596 619 ὀνείδους
616 547 648 613 τ’
671 549 781 633 ἀξίωμ’
808 548 950 619 ἀναξίων.

260 631 326 697 Ούκ
349 631 414 698 ἔστι
433 634 543 718 κέρδος
566 635 677 718 ζημίας
699 633 803 698 ἄλλων
829 632 912 718 ἀτερ.

258 714 395 801 Ἔνδεῖγ’
420 720 531 803 ἀσώτῳ
553 719 667 800 πολλὰ,
688 720 788 781 πάντα
808 718 933 803 κίμβικι.

260 802 359 883 Φύσει
380 803 527 889 διάδοχος
547 802 653 871 πιστύς
675 803 766 881 ἐστιν,
790 801 827 864 ού
851 810 967 888 γραφῇ.

258 884 313 997 Τιβ
336 885 415 972 μέγα
435 911 456 974 φ
479 893 598 951 ονούντι
616 891 714 971 λῆσις,
733 885 851 954 ἀδικίας
874 885 957 956 ἄκος.

260 969 371 1035 Οικτου
394 912 514 1059 βοηθοῦ
534 971 667 1057 δεομένη
682 971 770 1076 δίκη,
792 972 883 1054 κακή.

259 1054 391 1125 Φύσεως
412 1057 575 1143 ἀποτρίβον
598 1079 627 1119 τι
645 1078 819 1141 φάρμακον,
841 1055 946 1120 κακύν.

258 1137 296 1203 's’
320 1141 490 1223 ἀλλοτρίων
512 1141 652 1224 σύνηθες,
674 1140 772 1223 ἡδονὴ
794 1142 884 1225 κακή.

257 1221 360 1288 Κακαὶ
383 1226 490 1371 ρύσεις
513 1225 570 1288 ούκ
593 1226 706 1293 ἐνδεεῖς
729 1225 927 1288 διδασκάλου.

369 1332 384 1394 Ρ

259 1305 326 1372 Ούκ
349 1311 364 1371 ὁ
409 1310 453 1386 ὸν,
478 1309 496 1372 ὅ
517 1332 544 1372 τι
565 1310 602 1393 δὴ
623 1311 785 1393 πράττεται
801 1309 898 1373 πίστει
916 1309 1021 1395 τύχης.

258 1389 302 1471 Τὸ
326 1394 437 1476 κράτος
457 1393 533 1455 ἴδιον
555 1392 662 1456 ύλλοσ’
685 1394 701 1455 ὁ
721 1394 922 1478 προστάσσων
945 1401 1059 1465 κακῶς.

259 1471 320 1540 Τὸν
345 1478 446 1560 ἰατρὸν
468 1476 525 1540 ούκ
546 1474 580 1540 εύ
605 1478 751 1563 διάδοχον
774 1479 789 1541 ὁ
809 1482 908 1541 νοσῶν
929 1480 1054 1565 γράφει.

255 1557 293 1624 ‘O
321 1563 362 1646 μὴ
387 1562 555 1645 δυνάμενος
577 1560 612 1624 εύ
634 1561 751 1638 θανεῖν,
771 1567 874 1630 κακῶς
897 1561 968 1646 βιοῖ.

256 1643 324 1708 Ἀεὶ
346 1648 467 1733 βιώσειν
491 1647 684 1729 προσδοκῶν,
703 1652 806 1714 κακῶς
820 1647 891 1729 βιοῖ.

257 1727 364 1814 Χείρω
388 1729 479 1813 λύηον
503 1732 687 1816 βλάσφημον
710 1730 860 1815 ἑρμηνεὺς
879 1737 971 1794 ποιεῖ.

258 1811 382 1878 Κακούν
405 1815 529 1878 θέλοντι
549 1815 704 1900 πρόφασις
729 1815 785 1880 οὐκ
805 1814 988 1879 ἐλλείπεται.

258 1897 352 1962 Ποιεῖ
367 1900 523 1984 πονηροὺς
542 1900 621 1983 ἦθος
641 1901 805 1983 ἀχάριστον
829 1899 926 1981 θαμά.

251 1981 345 2047 Ἤθει
368 1989 496 2067 πονηρῷ
516 1982 597 2052 σῖτύς
616 1982 679 2045 ἐστ’
705 1984 767 2046 ίδία
791 1983 890 2068 φύσις.

255 2064 394 2152 Ἀνδρῶν
415 2071 556 2150 γυναῖκες
575 2069 743 2151 κρείττονες
763 2069 864 2153 βουλῇ
875 2073 967 2152 κακῇ.
1060 2128 1062 2135 ,

257 2148 383 2234 Βουλῆς
404 2156 501 2234 κακῆς
522 2157 567 2237 τῷ
586 2150 667 2215 δύντι
688 2154 845 2233 πάγκακον
869 2153 966 2220 τέλος.

251 2233 294 2300 ‘H
318 2237 359 2318 μὴ
382 2240 533 2320 τραπῆναι
557 2235 712 2319 δυναμένη
737 2237 847 2322 βουλὴ,
866 2239 956 2320 κακή.

256 2318 397 2384 Ἐσθλῶν
422 2321 585 2405 ὑποκριτὴς
605 2324 621 2385 ύ
644 2321 739 2389 κακύς
760 2322 823 2384 ἐστι
845 2323 1012 2404 πάγκακος.

257 2405 361 2469 Αὑτοῦ
384 2406 415 2488 η’
441 2406 525 2468 ἕκατι
546 2408 689 2491 χρηστὸς,
714 2405 863 2470 αύδάσθω
887 2405 990 2473 κακύς.

259 2489 368 2578 Φύβου
385 2489 544 2574 παρόντος,
568 2491 661 2559 ύπνος
684 2490 740 2554 ούκ
765 2489 831 2575 ἔχει
851 2491 955 2553 τύπον.

256 2573 431 2638 Ἀπατῶσιν
453 2575 543 2658 ἧττον
567 2577 596 2637 οἱ
617 2574 739 2661 τάχιστ’
760 2575 955 2657 ἀρνούμενοι.

259 2659 398 2727 Δούλους
421 2660 568 2737 δεδοικώς
587 2659 652 2722 ἐστι
674 2664 734 2723 τῶν
760 2659 880 2722 δούλων
903 2661 997 2723 κάτω.

158 2772 162 2778 ’
255 2740 292 2807 ‘O
317 2745 450 2829 χρηστὸς
474 2744 531 2807 ούκ
550 2742 609 2825 εἴη,
631 2744 751 2826 λέγοιτο
773 2742 803 2806 δ’
828 2743 863 2806 ἀν
889 2744 1005 2813 ἄθλιος.

251 2826 397 2912 Ἀζηλύς,
421 2828 500 2891 ἐστιν
522 2829 708 2913 ἀθλιωτάτη,
730 2827 819 2914 τύχη.

257 2913 369 2976 Λαλεῖν
390 2912 523 2976 θέλοντα
546 2913 576 2975 ε’
600 2913 657 2977 ούκ
681 2913 804 2999 ἐᾷσθαι,
829 2911 979 2997 σχέτλιον.

257 2994 297 3060 Εἰ
315 2998 367 3060 καὶ
389 2998 483 3081 ἀηδὲς
504 2999 523 3081 ἡ
547 2999 645 3083 τριβὴ,
668 3002 754 3061 ποιεῖ
774 2997 900 3081 σοφούς.

256 3080 323 3166 Πρὸ
344 3087 398 3145 τού
419 3080 527 3145 ποθεῖν
550 3084 601 3145 τὸν
620 3082 763 3158 θάνατον,
786 3080 889 3167 ὄλβιον
909 3080 1026 3146 θανεῖν.

258 3165 369 3230 Θανεῖν
391 3167 506 3249 ἀνάγκη
528 3171 630 3242 πᾶσιν,
655 3165 722 3229 οὐδ’
747 3166 818 3229 ὅταν
840 3166 946 3249 θέλῃς.

257 3249 301 3314 Tb
319 3250 423 3314 θανεῖν
446 3251 612 3336 φοβεῖσθαι
634 3250 739 3336 χεῖρόν
763 3251 825 3314 ἐστι
849 3255 904 3315 τού
924 3249 1041 3315 θανεῖν.

258 3332 325 3399 Οὐκ
344 3335 439 3419 ἤρεσε
459 3337 602 3398 πολλοῖσι
624 3336 804 3419 πολύγαμος
821 3337 906 3419 γονή.

257 3416 387 3482 Νοούσα
407 3419 558 3502 μοονάίὴ
582 3420 669 3503 γυνὴ,
690 3424 794 3487 κακῶς
818 3425 892 3483 νοεῖ.

257 3499 393 3571 Πολλοῖς
415 3503 545 3578 ἀπειλεῖ,
567 3503 647 3572 ύστις
688 3504 790 3587 δίκησ”
813 3505 877 3568 ἕνα.

253 3583 454 3673 Ὑβρισμένον
476 3589 511 3650 τὸ
533 3585 647 3651 ἀκακον
669 3591 811 3653 αλλάττει
831 3589 931 3673 φύσιν.
