2502 4218
626 371 778 467 2³4⁴-

243 537 342 606 Ξυνδς
361 534 533 605 Ἐνυάλιος.
555 534 634 623 Νίκη
656 536 910 621 δ”ἐπαμείβεται
928 534 1051 620 ἄνδρας.

236 620 303 707 ’ομ
329 621 378 684 στ’
391 619 458 706 ἔχει
476 624 616 706 κεφαλῆς
638 622 755 686 ῦπιθεν.
777 619 872 684 Μάλα
885 642 923 703 με
935 619 1020 703 Ευρεῖ
1034 620 1064 682 ἐν
1074 622 1148 704 χριγῖ.

239 704 278 772 ‘O
338 707 390 791 ρδς
412 706 455 774 εἰς
480 705 603 790 ἀκόνην.
621 706 745 790 Ἀγαθὴ
765 706 816 769 καὶ
837 705 920 788 μάζα
944 704 1012 788 μετ’
1033 703 1129 788 ἄρτον.

239 789 279 857 Ὁ
299 794 432 859 πλοῦτος
443 787 589 874 Κινύρου.
614 790 695 856 Ἀπὸ
719 789 843 875 πύργων
865 788 974 873 κρίνετ’
995 787 1147 873 Ἀχαίους.

239 873 278 941 ‘0
298 876 438 958 πρωκτὸς
457 874 588 960 λούτρου
609 876 803 960 περιγίνεται.
822 869 938 942 Ὕπνος
957 873 1089 937 ἀπέστω.

239 957 278 1025 ‘O
303 961 390 1044 σκνλψ
411 960 464 1043 τὴν
487 962 604 1045 χώραν.
629 957 721 1030 Οίνος
739 960 789 1023 καὶ
809 960 918 1027 παῖδες
939 958 1076 1042 ἀληθεῖς.

241 1042 279 1110 ‘0
304 1046 421 1127 ψάλτης
444 1044 569 1128 ἀπορῶν
592 1047 705 1194 δ’ττει.
729 1042 930 1127 Σαρπηδόνος
952 1043 1039 1126 ἀκτή.

244 1126 284 1194 Oi
302 1125 423 1192 Ῥόδιοι
446 1128 567 1191 θυσίαν.
613 1070 703 1198 θδεὶς
727 1151 787 1190 σαπ
809 1128 852 1204 δς,
878 1126 973 1210 μέγας
993 1125 1089 1211 ἰχθύς.

244 1211 320 1279 Οἶδε
340 1214 373 1276 τδ
392 1214 501 1275 λευκδν
521 1215 574 1276 καί
592 1216 626 1278 τό
652 1214 758 1298 μέλαν.
782 1151 922 1279 Πλοῦτος
942 1212 1111 1294 κεράμειος.

244 1294 375 1362 Οῖκοθεν
398 1296 522 1367 εἰκάζω.
545 1295 609 1361 Καὶ
626 1298 681 1384 κόρ
706 1319 778 1382 ορος
801 1297 832 1359 ἐν
855 1297 1028 1380 λαχάνοισι.

244 1377 376 1445 Οἴκοθεν
399 1379 512 1465 ἐχθρὸν
534 1379 652 1469 ἔχουσι.
676 1321 775 1465 Πάρις
797 1381 926 1465 βαιοῖσιν
951 1381 1070 1463 ὀπηδεῖ.

244 1461 408 1549 Οἰνοχοεῖς
426 1465 638 1611 ᾕατράχοισιν.
657 1465 753 1550 Ὑπὲρ
776 1465 816 1528 σά
839 1467 1004 1546 σκάμματα
1025 1464 1131 1546 πηδᾷς.

112 1607 114 1609 ,
244 1545 404 1613 Οἰόλυκοι.
456 1550 520 1620 εζολ
542 1551 627 1635 παρὰ
649 1550 762 1614 Λύδιον
784 1550 868 1634 ἅρμα
891 1549 1025 1616 θέοντες.

243 1629 369 1701 Οἰταῖος
389 1633 519 1716 δαίμων.
539 1635 621 1699 Ἀπὸ
646 1635 801 1722 βαλβῖδος.
827 1631 873 1698 Ού
894 1631 1110 1718 γάράκανθαι.

243 1714 329 1803 θίφᾷ
351 1720 456 1802 χωλός
479 1718 596 1803 ἀριστα.
621 1719 694 1783 Δύω
715 1719 765 1781 τοί
786 1741 840 1786 ους
864 1716 919 1803 ἀμ’
943 1717 1089 1802 ἀλείφεις.

243 1800 420 1868 Οἰωνίσαιτ’
442 1802 478 1866 ἀν
503 1826 547 1872 τις
568 1804 642 1867 ἰδών
665 1827 710 1867 σε.
732 1741 851 1867 Μόθων
872 1803 934 1864 ἀπὸ
955 1804 1071 1884 κώπης.

240 1884 440 1954 Ὀκτάποδες.
461 1884 617 1971 Μεγαρεῖς
636 1888 700 1951 οὔτ’
724 1889 756 1950 ἐν
780 1887 864 1972 λόγῳ
889 1885 957 1948 οὔτ’
973 1887 1004 1949 ἐν
1021 1885 1151 1970 ἀριθμῷ.

241 1967 427 2055 Ὀμφακίας.
449 1970 692 2055 Ἀβδηρολόγος.
719 1969 840 2039 Κότυος
861 1971 1028 2054 θιασάτης.

243 2052 289 2120 Οῦ
315 2055 342 2116 δ’
367 2052 452 2138 ἴκταρ
476 2057 635 2140 βάλλουσι.
658 2055 749 2138 Μέγα
770 2055 868 2137 στόμα
890 2060 944 2118 τοῦ
968 2055 1117 2118 ἐνιαυτοῦ.

243 2136 289 2204 Ού
315 2141 398 2201 λῖνον
419 2138 493 2223 λίνιρ
511 2162 548 2286 γε
568 2141 737 2209 συνάπτεις.
758 2137 899 2289 Ἔμῧαλε
917 2143 1028 2224 κυλλῇ.

243 2220 289 2288 Ού
311 2244 369 2284 τοι.
393 2221 509 2308 Στησιχ
531 2246 585 2309 ρου
610 2226 670 2309 τρί’
694 2223 798 2307 ἔγνως.
848 2224 896 2288 ύδ’
911 2226 996 2292 ἐντός
1012 2222 1132 2307 Ἰώρου.

243 2305 328 2373 Ούδὲ
348 2310 400 2370 τδν
421 2306 570 2371 Αἴσωπον
595 2311 782 2392 πεπάτηκας.
809 2308 931 2372 Σύκινοι
951 2309 1070 2393 ἀνδρες.

242 2388 343 2457 Οὐδὲν
367 2392 444 2476 πρὸς
464 2392 623 2456 Διόνυσον.
640 2392 847 2479 Ύπερμαίᾷν.
871 2391 977 2477 Χορός
999 2395 1111 2476 ἀργῶν.

242 2473 308 2541 Ούκ
331 2477 427 2560 ἀρετᾷ
446 2477 526 2540 κακά
548 2475 632 2562 ἔργα.
650 2474 759 2562 Κρεῶν
780 2477 937 2546 δασύπους
959 2477 1113 2560 ἐπιθυμεῖ.

242 2557 309 2625 Ούκ
331 2560 437 2630 αὐλοῖς
454 2567 585 2646 πατρῶοι
608 2563 697 2645 μέλη.
724 2562 853 2646 Σιγῶσιν
873 2561 1040 2644 Ἀμύκλαι.

242 2641 324 2729 Ούχί
347 2644 404 2728 γὰρ
429 2646 587 2728 ἀγγέλλεις
603 2647 751 2729 πόλεμον.
774 2645 842 2710 Μῦν
863 2646 927 2709 ἀντὶ
947 2645 1082 2715 λεόντος.

241 2727 428 2814 Παιδοφιλεῖ
451 2733 567 2812 μᾶλλον
589 2736 642 2815 τῆς
666 2730 689 2795 Γ
692 2734 811 2800 ελλοῦς.
835 2729 949 2814 Χερσὶν
972 2731 1117 2801 ἀνίπτοις.

240 2811 365 2883 Παίζειν
389 2813 421 2876 ἐν
443 2815 619 2879 πενθοῦσιν.
636 2814 674 2880 ‘0
697 2817 804 2899 γείτων
826 2816 877 2878 τὸν
896 2814 979 2879 πόδα
1001 2821 1103 2878 κινῶν.
1237 2826 1238 2829 ’

240 2896 370 2962 Πανικά.
390 2895 449 2983 Νιγῖ
468 2900 589 2963 πείθου.
612 2897 666 2969 Εἰς
686 2901 737 2963 τόν
756 2899 940 2984 τετρημένον
964 2900 1093 2969 ἀντλεῖς.

240 2980 347 3087 Πάντα
370 2985 460 3089 κακοὶ
482 2987 631 3092 τολμῶσγ.
653 2983 749 3093 Μάγη
772 2986 822 3047 ἐπὶ
845 2984 946 3091 μήδερι
968 2983 1075 3093 κείρει.

239 3064 346 3130 Παντα
366 3070 471 3131 καλων
491 3092 593 3132 σειειν.
623 3070 741 3137 Αλιευς
761 3068 887 3152 πληγεὶς
907 3090 978 3131 νοον
1003 3091 1094 3132 οισει.

239 3148 344 3214 Πάντα
369 3150 424 3235 μία
448 3153 531 3223 κόνις
552 3154 624 3215 ἐστί.
649 3151 693 3215 Σθ
720 3152 752 3215 δ’
775 3155 856 3239 ἱερὸν
880 3152 971 3216 οὐδὲν
995 3153 1149 3239 ὑπάρχεις·
1234 3220 1235 3233 ³

238 3233 385 3317 Πάντα[ς]
411 3238 462 3300 δεῖ
477 3236 705 3320 παραλοῦσθαι.
726 3234 858 3322 ἈφηγγῙ
873 3236 986 3319 τοόμδν
1001 3236 1077 3323 ὄναρ
1092 3236 1148 3322 μοί.
1234 3246 1235 3273 ¹

961 3327 978 3340 Ν

979 3368 987 3383 0

239 3319 320 3385 Ποῖσι
338 3324 454 3406 κριταῖς
474 3327 569 3404 νικᾷν.
593 3319 693 3384 Πίνειν
717 3324 850 3408 διψῶντα
874 3345 974 3406 σιωπη

238 3403 352 3490 Ποῦρα
370 3405 438 3487 μὲν,
459 3405 540 3467 ἀλλὰ
563 3406 647 3488 μάλα
667 3405 786 3490 λιγέως.
811 3403 1036 3491 Ἑτερόγναθός
1058 3407 1128 3469 ἐστι.
1232 3444 1233 3463 ι

233 3488 334 3571 ,Πῆμα
355 3489 450 3556 κακὸς
470 3490 589 3571 γείτων.
606 3487 700 3575 Ὑπὲρ
720 3488 917 3573 Ἐνδυμίωνα
938 3490 1110 3558 καθεύδεις.

239 3570 333 3636 Πλεῖν
352 3570 598 3656 είςΜασσαλίην.
616 3568 703 3639 “Am
713 3576 837 3660 λείχειν.
858 3576 967 3641 Δειλδν
979 3577 995 3639 δ
1009 3577 1146 3639 πλοῦτος·
