2502 4218
682 412 833 512 „Q

305 581 352 648 Τὰ
375 587 452 648 σῦκα
475 586 563 658 σῦκα,
582 582 635 665 τήν
660 581 780 665 σκάφην
804 580 926 665 σκάφην
949 576 1042 663 λέγω.

305 665 353 731 Τὰ
372 666 506 754 χρήματ’
528 665 687 751 Αίσχύνον
707 686 741 728 τε
761 666 812 729 καὶ
828 663 1011 748 Θεαγένους.

305 749 367 816 Τὰν
412 756 482 836 εἶρα
502 749 709 835 ποτιφέροντα
727 749 781 812 τάν
802 748 878 811 θεὰν
902 751 1010 833 καλήν.

305 775 476 922 Τάργύριύν
500 835 579 899 ἔστιν
603 835 680 918 αίμα
700 834 752 897 καὶ
774 834 859 919 ψυχή
883 834 1011 918 βροτοῖς.

305 918 439 1006 Τοίριχος
459 921 550 988 ὀπτὸς
571 919 673 998 εὐθὺς,
694 919 731 1001 ήν
754 916 805 1002 ’ίδη
827 918 861 981 τδ
883 924 953 1003 πῦρ.

305 1003 427 1115 Ταῦρος
449 1005 466 1067 δ
487 1003 591 1068 ἄκοντ’
616 1001 722 1079 ἔτικτε,
739 1003 791 1066 καὶ
812 1006 924 1086 ταῦρον
946 1004 1076 1088 δροίκιον.

305 1087 374 1174 Τοίχ
407 1027 576 1172 εἰσύμεσθα
600 1089 737 1172 μάντεων
759 1085 934 1171 ὑπέρτερον.

305 1171 371 1242 Τὰς
387 1173 535 1257 κνημῖδας
557 1178 603 1257 τῷ
624 1172 720 1257 κρατὶ,
743 1176 783 1256 πή
803 1173 903 1255 κνήμη
925 1173 1047 1256 κράνος.

306 1256 402 1342 Τείχη
426 1258 536 1341 σιδηρᾶ
560 1259 676 1339 μᾶλλον
700 1256 753 1319 εἶν’
777 1256 796 1338 ή
818 1257 917 1338 γήϊνα.

306 1340 428 1406 Τέκτων
451 1341 509 1426 γὰρ
530 1343 572 1404 ὢν
595 1341 740 1424 ἔπραττες
764 1338 800 1402 οὐ
823 1339 1013 1423 ξυλουργικά.

306 1423 437 1510 Τετράδι
458 1425 608 1508 γενηθεὶς,
631 1429 674 1494 ὡς
694 1422 773 1489 ἔοικ’
797 1422 903 1492 ἄλλοις
922 1430 1019 1488 πονῶ.

306 1506 387 1595 Τέχν
432 1508 542 1617 τέχνην
565 1507 697 1593 ἔστερξε,
720 1510 771 1572 καὶ
792 1506 868 1593 τύχη
890 1506 997 1594 τύχην.

306 1591 356 1679 Τῇ
379 1533 436 1677 γέἔν
456 1595 567 1678 διδωμι
611 1595 678 1678 ειρλ,
697 1599 737 1677 τῇ
758 1594 793 1656 δὲ
816 1595 975 1677 λαμβάνω.

306 1676 412 1762 Τηλοῖ
434 1679 519 1764 φιλοι
541 1617 676 1748 ναίύντες
698 1678 755 1742 οὐκ
775 1678 832 1740 εἰσὶ
855 1677 949 1762 φίλοι.

127 1762 128 1765 '
196 1768 198 1772 ’
307 1760 370 1847 Τήν
395 1763 471 1826 δαῖτ’
499 1762 597 1827 ὄνειον
622 1766 638 1828 δ
660 1761 783 1847 Σκύθης
807 1762 970 1834 ἀκκίζεται.

307 1847 370 1931 Τὴν
391 1845 475 1933 χεῖρ’
503 1848 624 1933 ὑπίσχει
648 1846 871 1932 κήποθνήσκων
894 1846 1041 1916 Ἀττικός.

307 1931 371 2014 Τής
392 1931 569 2015 ἐπιμελείας
589 1933 687 1995 δοῦλα
710 1933 809 1994 πάντα
830 1931 952 2014 γίνεται.

308 2015 348 2082 Τί
368 2016 425 2101 γὰρ
448 2020 576 2100 μακροῖς
596 2015 734 2078 αὐλοῖσιν
757 2015 894 2099 αύλήσαί
913 2016 949 2099 μ’
974 2014 1054 2096 ἔδεις

309 2099 349 2166 Τί
366 2101 442 2181 δῆτα
463 2103 565 2185 χεῖρες
586 2099 643 2162 οὐκ
658 2097 700 2163 ἂν
724 2099 928 2184 ἔργασαίατο;

309 2183 350 2250 Τί
367 2185 487 2267 μεγάλα
511 2185 732 2268 φροιμιάζομαι
754 2188 867 2267 μικρῶν
889 2185 959 2269 πέρι
967 2208 976 2261 ;

309 2267 349 2333 Τί
368 2269 404 2332 ού
428 2269 542 2352 γενήση
568 2269 605 2352 δή
632 2268 704 2330 ποτ’
728 2268 881 2378 Ἀρήέλας
903 2269 973 2346 ίύννς

309 2353 350 2419 Τί
368 2353 425 2417 οὐκ
446 2353 583 2437 ἀπήγξω,
602 2352 651 2416 ἵνα
674 2351 784 2439 Θήβησ
821 2354 906 2438 ήρως
927 2353 1019 2438 γένη;

310 2437 362 2507 Τίς
402 2438 440 2521 ἀρ
463 2436 622 2522 κατύπτριρ
644 2438 696 2501 καὶ
715 2439 825 2542 τυφλιή
846 2439 1006 2515 κοινωνίας

309 2520 363 2591 Τίς
383 2461 448 2584 ἔστι
469 2523 582 2590 δοῦλος
599 2526 655 2585 τού
677 2522 782 2585 θανεῖν
804 2544 947 2606 αφροντις
971 2524 1032 2600 ὤν;

310 2604 388 2672 Τύδ>
410 2605 561 2677 ἐξοπλίζει
581 2605 694 2675 τούπος
714 2606 863 2691 Ἀργείων
885 2609 976 2669 λειίιν.

310 2689 388 2755 Τύδ’
410 2687 472 2752 ἔστι
492 2693 601 2776 πολλῷ
617 2693 772 2837 getam]
795 2687 907 2774 Τροίαν
932 2691 1024 2755 ἑλεῖν.
1073 2768 1079 2785 .

311 2772 354 2839 Τδ
374 2772 409 2837 κέ
431 2773 484 2842 δος
503 2774 575 2853 ήδδ,
597 2785 652 2859 κ’,ν
679 2776 740 2838 ιἰπδ
762 2776 885 2860 ψευδῶν
906 2773 955 2859 ἔη.

310 2856 353 2922 Tb
382 2796 435 2940 μέν
453 2857 495 2942 μ’·
512 2856 616 2921 ἔλειπε
638 2864 731 2942 κῦμα,
751 2863 784 2924 τδ
808 2859 839 2921 δ’
863 2860 1132 2948 ἔγκατελάμβανεν.
1232 2902 1233 2929 ι

310 2940 354 3008 Τδ
378 2943 432 3026 μὲν
454 2943 606 3027 πάρεργον
631 2942 718 3028 ἔργον
744 2946 787 3013 ὣς
807 2943 986 3027 ήγούμεθα;

352 3028 385 3090 τδ
409 3026 442 3089 δ’
467 3025 554 3111 ἔργον
576 3031 618 3096 ὡς
638 3031 790 3112 πάρεργον
815 3028 1041 3113 ἐκπονούμεθα.
1231 3038 1232 3097 ι

311 3108 355 3175 Τδ
377 3117 498 3197 πρῶτον
520 3114 564 3180 εἰς
590 3113 661 3181 τοὺς
677 3113 790 3180 παῖδας
811 3112 957 3195 ἔζηλοῢτ’
975 3114 1081 3201 Ἄρης.

311 3192 355 3258 Τδ
377 3197 482 3259 σκαιδν
506 3197 591 3281 ὄμμα
611 3198 801 3281 παραβαλὼν
822 3197 916 3261 θύνου
941 3200 1036 3283 δίκην.
1230 3192 1231 3263 λ

311 3276 355 3343 Τὸ
377 3281 518 3364 συγγενὲς
537 3281 595 3364 γὰρ
616 3281 668 3343 καὶ
690 3281 814 3426 φθονεῖν
835 3281 1001 3346 ἐπίσταται.
1229 3310 1230 3321 ³

311 3360 362 3428 Τδ,
377 3363 466 3433 τέλος
488 3363 544 3448 ἅμ’
567 3366 605 3449 ἀρ
628 3370 652 3448 ή
674 3386 689 3427 ε
711 3364 767 3434 abc
789 3365 826 3428 οὐ
847 3368 1076 3452 καταφαίνεται.

311 3444 459 3516 Τοιοῦτός
481 3447 560 3512 ἔστιν
584 3388 690 3533 οίέπερ
712 3448 820 3533 ήδεται
842 3453 950 3514 συνὼν.
1228 3452 1229 3475 ³

312 3527 385 3599 Τοῖς
404 3529 439 3595 εύ
458 3538 606 3617 φρονοῦσι
630 3539 881 3618 συμπαραστατεῖ
898 3534 986 3621 τύχη.
1227 3478 1229 3597 θ

313 3610 460 3684 Τοιοῦτος
480 3617 523 3680 δν
547 3617 605 3681 οὐκ
625 3617 660 3682 ἄν
680 3617 711 3701 γ’
734 3617 802 3682 ἕλοι
822 3617 910 3683 πύλιν
933 3619 1019 3683 ποτέ.
