2532 4216
400 308 612 402 2⁶..

96 475 202 537 Revisit
222 496 326 554 opere,
351 476 545 551 moribusque
566 477 767 550 commendat,

97 561 132 620 Ut
152 562 318 639 cognitores
340 562 403 620 sint
425 580 511 619 suom
530 562 626 619 vicem
647 561 776 620 illarum.
861 577 865 588 ·

95 645 181 704 Istum
201 647 322 704 modum
343 647 542 718 Monooudus,
568 647 624 704 hos
647 647 738 704 hebet
756 649 835 707 vitoe
911 696 913 699 .

95 731 265 790 Moneeudus
287 738 384 803 astus,
410 732 470 790 isto
491 731 551 788 vita
572 732 746 789 Monoaudi.

95 813 171 875 Gens
190 818 358 874 navitarum
381 835 461 874 vene
486 816 710 889 Lusitanorum,

96 900 168 975 Quid
189 920 242 960 vos
264 901 409 977 parandis
432 902 542 978 opibus
562 901 672 959 inmori
692 901 792 978 cogit?

96 986 272 1044 Monoondue
296 987 405 1045 borum
428 988 470 1043 nil
495 987 623 1062 pererit,
646 995 675 1043 et
694 987 776 1044 vivit.

173 1080 298 1146 Soriptum
316 1082 396 1130 Auno
416 1078 482 1131 1569
502 1081 674 1131 Montolbeni.

387 1220 435 1278 16.
479 1222 517 1277 In
540 1222 691 1294 quendam.

96 1300 155 1374 Ille,
175 1322 251 1361 novo
276 1303 328 1379 qui
346 1312 376 1361 te
399 1303 531 1381 signavit
550 1304 674 1361 nomine
692 1303 820 1379 primus,

130 1384 212 1445 Unde
233 1387 438 1465 Pyreethouis
468 1389 519 1446 dot
542 1388 597 1446 tibi
620 1407 732 1448 nomen
754 1388 845 1464 equi?

96 1467 160 1529 Sive
180 1491 276 1548 equus
297 1473 329 1530 iu
355 1492 448 1533 sensu
473 1481 636 1549 spectetur,
661 1474 725 1533 sive
745 1472 931 1549 Pyreethon‚

132 1554 321 1616 Conveniens
344 1579 406 1617 non
427 1567 475 1618 est
494 1558 558 1630 ille,
577 1559 626 1616 vel
651 1558 713 1630 ille,
736 1558 801 1617 tibi.

95 1639 185 1714 Quum
205 1650 288 1702 totus
312 1644 354 1702 sis
375 1662 451 1716 nox,
473 1643 596 1717 quinam
620 1650 705 1717 potes
720 1642 997 1719 essePyroethoni

131 1726 286 1804 Quumque
307 1729 424 1802 asinus,
447 1728 515 1803 quis
538 1736 569 1785 te
591 1727 655 1792 iure
677 1726 793 1785 vocarit
814 1727 942 1802 equum?

99 1879 141 1936 17.
182 1878 233 1937 Ad
255 1882 369 1938 minum
394 1879 465 1938 Ocni
487 1882 615 1955 praviter
634 1882 782 1937 rudentem
806 1880 837 1936 in
857 1879 931 1938 noo.
948 1880 996 1938 Ti-

94 1965 154 2021 tiom
164 1965 300 2040 lepontem
314 1984 393 2035 orno,
406 1984 463 2040 pro
478 1983 557 2035 oeno,
575 1967 605 2021 in
619 1984 702 2022 uersu
720 1964 875 2039 Propertii,
890 1965 997 2042 [5,21]

178 2050 306 2126 Dipoior
327 2051 441 2124 obliquo
457 2051 561 2124 sunem
584 2052 634 2126 qui
659 2059 791 2126 torqueat
814 2049 901 2109 Oeno.

94 2127 123 2190 Si
141 2133 238 2192 Titius
261 2134 352 2206 tollit,
371 2134 421 2207 qui
447 2143 477 2191 te
500 2136 577 2191 bene
598 2142 733 2209 paveret,
757 2134 893 2206 Ocnum3

93 2208 97 2223 ’
129 2218 210 2297 Ergo
230 2227 315 2276 tuam
336 2218 435 2279 Titius
458 2228 565 2295 puscet
587 2219 682 2278 aselle
701 2220 823 2276 famem.

115 2380 158 2437 18.
205 2383 245 2438 In
267 2380 434 2450 Rometum,
472 2382 521 2455 qui
548 2398 614 2438 suos
642 2398 741 2438 veroin
761 2398 818 2455 pro
851 2382 978 2455 antiquis

117 2474 314 2543 supposuerat.
340 2465 460 2539 [Mutet.
470 2464 561 2541 opp.I
576 2464 647 2522 775.
672 2462 799 2521 Scal.ad
809 2461 893 2525 Varo.
905 2465 970 2541 1,2]

95 2548 146 2624 Qui
167 2550 283 2628 rigidae
304 2552 442 2608 flammas
467 2556 605 2606 evaserat
626 2558 696 2606 ante
719 2548 886 2622 Tholosae,

128 2635 288 2707 Rumetus,
309 2636 411 2694 fumos
434 2633 569 2692 vendidit
591 2633 642 2690 ille
662 2633 744 2691 mihi.

438 2785 484 2847 19.
526 2786 652 2843 Aouru.

93 2872 232 2929 Arearum
252 2871 283 2929 in
305 2871 398 2930 fundo
422 2890 617 2946 quaeeunque
630 2806 771 2930 incendit
788 2875 919 2944 Avarus,

129 2956 263 3016 Abstulit
285 2957 361 3014 haec
383 2956 462 3028 aliis,
486 2956 616 3033 deneget
637 2957 707 3032 ipse
727 2957 794 3015 sibi.

329 3116 381 3175 20.
423 3110 601 3192 Improbitus
623 3118 757 3175 bumana.

93 3197 215 3259 Caetera
237 3220 294 3260 neo
315 3221 419 3260 verum
440 3220 496 3259 neo
516 3203 563 3262 fos
585 3201 751 3258 animantis
771 3196 899 3258 noruntt'

130 3285 241 3345 Verum
262 3295 292 3344 et
314 3288 362 3345 fos
385 3305 463 3346 unus
488 3287 573 3345 novit
596 3295 626 3343 et
648 3286 712 3345 odit
733 3285 835 3344 homo.

349 3447 399 3506 21.
442 3448 576 3524 Degener
592 3448 736 3505 nobilitor.

94 3527 242 3594 Nobilitas
263 3540 312 3592 est
331 3540 417 3591 veste
438 3533 560 3608 quidem
580 3531 635 3591 tibi
656 3530 790 3590 dlsoolor
811 3550 830 3589 o
851 3530 951 3607 plebs,
