2532 4216
699 309 739 368 26

306 477 421 535 Iudicio
442 484 544 535 tamen
568 465 616 536 est
637 479 776 538 concolor
796 477 850 536 illa
870 478 934 536 tibi.

334 647 385 704 22.
428 649 467 705 Ia
490 648 602 707 Tarum
624 649 757 724 operibus
781 650 876 705 triduo
899 655 1107 722 oppugnatam.

264 809 498 888 Quadrupedem
522 813 591 871 dum
618 743 873 891 niigieinpcipirum
896 813 926 870 vi
943 811 1105 889 cingimus,
1125 812 1182 870 illa

308 893 464 956 Secretum
487 899 585 957 caeeis
610 899 738 958 callibus
760 899 822 976 egit
840 897 907 955 iter.

264 981 370 1040 Tertia
394 982 450 1039 lux
473 983 583 1060 agitur,
605 992 770 1060 postquam
792 982 945 1041 molimine
966 989 1050 1040 tante

305 1066 462 1143 Inceptum
485 1068 597 1127 frustra
616 1069 788 1127 ludificatur
807 1086 892 1143 opus.

265 1149 312 1211 Sit
334 1153 419 1210 vobis
442 1171 481 1209 ex
504 1154 604 1226 hoste,
628 1155 695 1227 viri,
719 1153 843 1211 victoria
865 1159 963 1228 capto,

305 1236 387 1295 Dum
410 1236 450 1294 sit
471 1239 499 1295 ei
522 1239 652 1297 elassis
676 1238 771 1316 gloria
792 1245 879 1313 parta
900 1237 983 1296 viris.

348 1405 398 1463 23.
440 1409 480 1463 Ia
503 1397 664 1465 Atalantae
685 1418 712 1464 et
732 1407 928 1482 Hippomenis
944 1404 1092 1480 fabalem.

263 1491 415 1548 Incertum
438 1491 486 1548 cui
508 1492 558 1548 det
579 1494 716 1550 meritam
736 1491 874 1548 Victoria
895 1490 1037 1565 palmam,

307 1574 388 1648 Quos
411 1576 512 1636 studio
534 1579 644 1661 cursim
666 1594 753 1634 mens
777 1575 857 1652 rapit
878 1593 939 1631 una
959 1574 1036 1650 pari.

265 1661 414 1721 Omnibus
437 1680 515 1721 unus
537 1681 630 1735 amor,
657 1663 792 1721 sednon
814 1660 903 1719 labor
922 1660 1063 1717 omnibus
1087 1659 1179 1718 idem.
1225 1699 1234 1724 .

305 1745 365 1804 Hic
387 1747 500 1822 praeit3
519 1749 567 1805 hic
588 1749 733 1823 sequitur,
758 1753 788 1804 et
811 1745 894 1822 cupit
916 1763 985 1803 esse
1004 1743 1099 1822 prior.

265 1831 394 1908 Ovirgo
416 1832 533 1905 infelix,
558 1852 647 1908 quam
672 1853 732 1891 non
752 1833 852 1890 vicere
873 1837 916 1887 tot
934 1832 1035 1889 unaml

305 1917 430 1989 Infelix,
456 1936 545 1992 quam
568 1917 652 1976 fraus
675 1917 781 1975 vicerit
801 1934 863 1973 una
883 1914 953 1972 viril

265 1999 299 2060 Si
320 2002 350 2059 vi
372 2002 508 2058 certatim
530 2010 560 2059 te
578 2023 640 2059 non
662 2003 762 2060 vicere
782 2009 828 2058 tot
847 2016 964 2069 unam3‘

307 2085 365 2159 Qui
386 2087 484 2162 potuit
506 2086 572 2144 sine
595 2088 626 2144 vi
648 2087 780 2156 vincere,
803 2083 903 2161 qualis
928 2083 1025 2167 erati!

533 2255 584 2321 24.
628 2254 722 2312 Paalo
742 2273 762 2311 a
783 2253 906 2311 Gisblce.

263 2342 345 2418 Ergo
369 2339 433 2398 suis
453 2338 568 2398 Paulus
589 2339 682 2397 voluit
701 2358 748 2396 me
768 2339 868 2396 vivere
890 2338 1013 2409 chartis,

308 2423 433 2500 Quoque
456 2425 531 2481 mihi
553 2426 636 2482 fame
661 2432 708 2484 est
728 2425 871 2496 carmine,
894 2423 956 2480 vita
978 2423 1049 2479 data
1071 2428 1139 2485 est?

263 2511 393 2570 Debitor
417 2510 487 2566 huic
507 2528 564 2586 ego
588 2529 665 2568 sum.
683 2509 773 2567 Pauli
795 2528 862 2567 sum
885 2526 999 2584 pauper
1019 2507 1051 2564 in
1074 2532 1155 2570 aere,

307 2594 386 2668 Quid
407 2593 542 2652 faciam?
562 2603 664 2672 gratas
686 2597 775 2654 Musa
796 2593 928 2670 repende
949 2592 1041 2650 vices.

263 2681 333 2752 Illa,
351 2679 430 2753 Quid
452 2680 491 2736 ad
513 2688 631 2738 veteres
653 2700 670 2738 o
692 2681 782 2739 stulte
802 2677 965 2736 revolveris
988 2686 1080 2754 artae,

305 2768 404 2839 Atque
423 2765 496 2836 tuis,
519 2765 626 2839 inquit,
648 2766 761 2824 viribus
784 2765 884 2840 impar
905 2763 1007 2821 onus?

264 2850 362 2924 Quum
381 2850 436 2907 tibi
454 2859 616 2909 vernarent
635 2850 784 2928 Zephyris
807 2849 992 2924 spirantibus
1014 2870 1116 2923 aurae,

305 2934 346 2991 Et
367 2934 443 2992 felix
466 2934 599 2993 habilem
620 2955 699 2993 vena
718 2938 831 3014 rigaret
852 2935 985 3005 humum,

263 3021 362 3079 Poma
379 3020 468 3077 ferax
492 3021 572 3079 seris*
590 3021 728 3078 miranda
750 3020 912 3097 nepotibus
935 3019 1024 3079 arbos

305 3104 372 3163 Nec
396 3105 502 3178 semel,
528 3113 580 3163 aut
602 3127 661 3164 uno
683 3105 793 3181 pollice
819 3111 924 3180 carpta
945 3103 1050 3163 dabas.

263 3188 354 3248 Nunc
371 3190 486 3248 ramale
507 3198 605 3264 vetus,
627 3191 699 3266 quid
718 3198 840 3267 praeter
865 3188 1000 3246 muscida
1019 3189 1134 3265 possis,

306 3279 367 3335 Aut
389 3277 561 3333 damnanda
583 3276 658 3334 focis
681 3276 766 3333 arida
787 3275 872 3352 ligna
892 3273 985 3333 dare?

266 3358 408 3419 Carmine
426 3382 490 3420 uon
512 3361 657 3418 moriente
681 3379 778 3418 senex
799 3360 851 3435 qui
872 3358 949 3417 fovit
969 3359 1096 3432 amicos,

306 3447 402 3524 inque
424 3447 488 3505 suis
511 3446 609 3504 voluit
630 3464 739 3504 nomen
761 3445 873 3502 habere
895 3443 994 3516 libris,

263 3533 406 3591 Victuros
429 3531 553 3588 memori
572 3530 671 3606 potuit
693 3549 771 3606 quos
795 3528 915 3587 tradere
940 3528 1050 3597 saeclo,
1111 3569 1114 3575 »
