2586 4214
616 359 768 457 „32⁸-

240 535 312 594 Tec.
334 530 404 592 Non
426 530 525 589 credis
537 531 659 589 entem?
689 529 739 588 Αἱ.
762 528 826 585 lem
842 525 932 584 nimis
944 524 1079 599 loqueris
1094 523 1153 581 din.

242 620 314 680 Tec.
335 616 416 677 Nem
436 616 528 674 timor
546 612 656 694 adegit.
688 614 737 673 ΑΞ.
758 613 844 671 Intus
865 611 945 668 hanc
962 609 1119 685 includite.

242 705 314 763 Tec.
336 700 483 781 Reprime
495 707 538 773 te,
550 702 665 760 amabo.
687 699 737 759 Αἱ.
760 696 860 759 Stulta
877 712 950 754 vero
963 715 997 755 es
1011 695 1156 767 foemina,

174 789 226 846 595
244 788 280 851 Si
300 806 378 847 nnnc
400 804 523 845 movere
545 803 561 843 c
605 787 662 844 ‘tes
686 785 818 843 animum
836 800 944 839 meum.

561 901 562 904 ¹
606 872 709 947 nepta
732 869 823 928 VIII.

198 992 201 1005 ι
244 958 300 1019 ch.
342 956 475 1016 Illustris
498 953 641 1030 Salamis,
664 956 753 1013 beata

245 1044 293 1104 Tu
314 1059 393 1101 nunc
411 1040 570 1113 habiteris,
593 1049 624 1100 et
643 1040 720 1098 felix

169 1168 173 1175 ι
246 1128 382 1200 Cunctis,
404 1124 592 1199 celebrisque
613 1126 739 1185 cunctis.
760 1131 765 1139 '

244 1216 313 1292 Ego
334 1220 445 1283 eutem,
468 1229 535 1287 ego,
556 1210 661 1270 imma·

247 1319 300 1357 ·ne
322 1306 439 1373 tempus
462 1294 547 1366 abiit,
568 1298 661 1356 miser

246 1385 296 1443 'Ex
317 1401 377 1458 qno
398 1380 448 1438 hic
469 1379 570 1438 Idaeis

247 1470 285 1528 In
307 1466 443 1544 pascuis,
465 1464 556 1537 inque
578 1467 671 1524 ubere

248 1552 375 1613 Nutrice
397 1567 521 1628 gregum
544 1568 681 1626 perennc
701 1549 805 1620 herba,

248 1640 399 1700 Moremm
419 1633 593 1710 impatiens,

249 1724 361 1784 Melam
387 1738 471 1797 spem
492 1719 644 1781 refovens.

251 1808 287 1871 Si
304 1807 425 1884 quidem
447 1804 513 1877 erit,
535 1817 569 1866 ut
587 1824 675 1884 egam
698 1803 746 1861 hic

249 1893 363 1954 Procul
388 1890 517 1949 enimam

250 1980 429 2048 Inhonorus‚
452 1991 574 2049 exspes.
654 2020 657 2025 .

549 2057 742 2133 Antistrcpka
765 2055 864 2113 XIII.

253 2148 337 2223 Quin
358 2152 388 2201 et
407 2141 556 2220 perditus,
577 2160 668 2219 aeger
688 2141 769 2200 Aiax

252 2232 296 2293 Mi
319 2248 390 2288 cura
412 2226 545 2287 secunde
564 2228 712 2300 inhaeret,
733 2226 811 2303 proh

251 2316 366 2377 Divino
388 2313 522 2392 agitatus*
542 2322 639 2385 aestu,

252 2401 412 2462 Profectus
433 2417 471 2456 ex
491 2404 523 2455 te

254 2487 403 2558 Antehac,
422 2483 507 2561 prius
529 2481 651 2560 inclytis

151 2639 153 2643 y
255 2570 458 2649 Praepollens
477 2568 585 2627 armis:

256 2656 348 2717 Nunc
373 2655 459 2713 avius
481 2654 591 2712 mentis
612 2669 686 2711 suae

259 2741 332 2804 Suis
353 2740 439 2800 dolor
461 2737 563 2796 extitit
584 2754 721 2814 magnus.

257 2827 367 2887 Priora
384 2823 546 2883 omnidomi

259 2913 324 2971 Viri
347 2917 435 2989 gesta
455 2926 546 2966 menn

259 2996 433 3057 Memoriter
455 2993 558 3052 anime

258 3082 392 3159 Profuga
411 3078 500 3141 melis

261 3167 404 3228 Cecidere
423 3163 549 3223 Atridis.

558 3248 587 3306 2.
609 3245 739 3320 Strepsa
758 3241 877 3300 XIIII.

262 3336 325 3399 Sed
347 3353 413 3393 cum
431 3333 589 3394 vetustatis

263 3421 374 3482 Obsita
391 3426 541 3495 tempore,

263 3505 356 3566 Canis
378 3511 408 3562 et
427 3504 516 3562 annis
547 3500 551 3513 ¹

263 3588 389 3654 Audibit
404 3607 480 3647 anus
499 3603 612 3664 parens
635 3583 715 3641 hunc
839 3626 844 3633 .
