2586 4214
515 353 668 446 —sgr—

134 520 304 579 Menelaus.
345 518 431 601 Heus
445 528 475 577 te
487 522 578 581 volo:
597 523 679 582 istud
697 524 836 584 manibus
852 525 961 587 efferas
975 547 1048 589 cave

135 605 211 664 Tuis
231 604 375 663 cadaver:
398 624 500 664 verum
521 619 555 665 ut
578 616 634 680 est,
658 609 784 667 missum
806 611 882 668 face.
944 621 947 626 ’

135 690 210 750 Teu.
256 688 356 763 Quoia
377 690 437 748 ista
459 694 552 751 verba
574 692 730 751 funditasti
749 695 866 770 gratia?

134 777 215 833 Men.
255 770 361 834 Vrsum
383 775 467 849 mihi,
487 785 517 835 et
538 778 586 836 cui
608 786 696 854 paret
710 779 779 854 ipse
801 783 962 842 exercitus.
1049 788 1117 842 1050

135 859 211 919 Teu.
257 859 345 935 Quod
367 879 478 918 nomen
496 863 548 922 isti
572 865 617 920 rei
638 865 846 940 praetexitur?

134 946 215 1003 Men.
253 944 345 1020 Quod
367 964 456 1021 quem
475 949 581 1024 putavi
604 948 702 1006 eduxe
722 950 822 1025 patria
843 950 930 1010 domo

135 1031 272 1091 Amicum
292 1030 428 1102 Achivis,
447 1033 552 1090 auxilii
573 1033 733 1106 fidissumi‚

135 1115 315 1192 Deprensus
340 1114 393 1172 ille
413 1115 586 1194 Phrygibus
609 1127 656 1176 est
677 1119 836 1177 inimicior.

136 1199 222 1259 Totis
245 1199 363 1261 stativis
382 1219 509 1277 namque
529 1203 658 1262 moliens
680 1222 785 1261 necem
1049 1204 1116 1260 1055

127 1285 371 1361 ¹Impressionem
391 1294 491 1359 nocte,
513 1296 546 1344 ut
565 1288 691 1361 occidat,
713 1289 795 1346 facit.

136 1370 225 1446 Quod
247 1370 278 1428 ni
300 1369 399 1428 Deum
420 1371 530 1446 aliquis
552 1374 692 1448 impetum
715 1375 899 1448 intercepset
916 1373 1006 1448 hunc,

137 1456 251 1516 Omnes
276 1456 315 1513 ad
336 1475 427 1512 uuum
448 1477 502 1515 nos
525 1458 643 1532 quidem
661 1459 744 1518 illius
766 1460 862 1518 vicem

135 1540 326 1599 Internecivo
346 1540 453 1599 funere
475 1544 611 1618 expositi
632 1542 716 1602 illico

135 1627 295 1698 Essemus,
326 1633 375 1683 ast
399 1626 424 1684 is
447 1618 571 1685 viveret.
595 1648 697 1686 verum
718 1628 805 1685 Deus
1051 1628 1119 1683 1000

135 1710 279 1769 Hominis
301 1709 436 1768 furorem
455 1712 564 1769 avertit
586 1713 618 1769 in
639 1731 746 1787 pecua,
771 1720 801 1769 et
820 1730 937 1790 greges.
1141 1706 1144 1721 ¹

134 1795 235 1854 Nemo
259 1814 330 1872 ergo
352 1797 444 1853 tantis
468 1797 582 1854 viribus
603 1797 723 1873 pollens
744 1797 837 1854 homo

134 1881 267 1952 Eximat,
291 1880 376 1938 illum
399 1881 527 1938 condere
554 1888 585 1938 ut
607 1882 723 1941 tumulo
746 1882 864 1950 audeat.

135 1966 295 2025 Proiectus
318 1966 429 2024 atenim
453 1967 549 2025 flavae
573 1985 685 2024 arenae
703 1967 806 2025 littore
912 1984 919 1996 ’

86 2066 92 2087 ¹
136 2049 382 2110 Circummuriuis
405 2052 549 2128 pabulum
574 2052 697 2111 alitibus
719 2053 795 2109 fuat.
957 2052 964 2068 ⁸
1052 2060 1120 2119 1065

134 2135 185 2194 Ne
208 2136 344 2194 adhaec
369 2139 516 2213 superbos
536 2137 608 2195 tolle
632 2139 756 2196 nimium
779 2137 914 2213 spiritus.

134 2221 217 2280 Nam
241 2221 267 2280 si
287 2238 396 2279 manus
417 2222 460 2279 nil
478 2224 575 2299 potuit
593 2224 625 2280 in
643 2224 744 2281 vivum
767 2241 846 2294 mea,

136 2307 172 2365 In
193 2314 344 2365 mortuum
366 2326 438 2384 ergo
459 2309 578 2384 poterit.
600 2309 690 2365 etiam
710 2308 848 2385 ingratiis

136 2392 206 2449 Vim
229 2391 349 2463 faciam,
370 2392 428 2450 ubi*
443 2392 471 2450 is
494 2411 527 2450 se
551 2411 728 2469 comparare
752 2392 857 2463 noluit,

135 2477 307 2552 Praecepta
328 2476 415 2535 vivus
438 2484 471 2533 ut
497 2486 672 2552 capesseret
691 2496 769 2534 mea.
1053 2486 1119 2543 1070

137 2560 326 2636 Quamquam
346 2561 421 2619 illud
441 2561 533 2618 animi
554 2570 602 2619 est
620 2562 762 2637 improbi,
781 2579 847 2618 cum
856 2558 945 2635 plebs
957 2558 1050 2617 homo

136 2647 250 2704 Parere
273 2647 317 2704 nil
336 2665 370 2704 se
390 2646 527 2723 postulat
548 2645 731 2704 melioribus.

137 2731 218 2791 Nam
241 2741 347 2790 sancta
366 2733 432 2791 iura
454 2750 616 2807 perperam
638 2750 673 2788 ac
695 2730 780 2807 leges
803 2729 906 2806 vigent

137 2818 175 2875 In
199 2819 284 2889 urbe,
308 2818 355 2892 cui
378 2837 440 2876 non
463 2825 581 2875 constat
603 2815 743 2892 obsequii
767 2814 885 2872 modus.

137 2903 331 2977 Exercitique
353 2903 437 2960 nulla
458 2910 528 2960 sunt
550 2901 769 2971 moderamina,
1053 2911 1119 2965 1075

138 2986 197 3047 cui
217 2987 301 3045 nulla
320 2989 367 3047 vis
389 2996 436 3046 est
459 3006 514 3044 nec
534 2988 668 3063 pudoris,
696 3004 751 3042 nec
772 2991 880 3043 metus.

140 3071 201 3134 Sed
225 3073 253 3131 si
269 3073 337 3147 quis
362 3091 488 3146 usquam
512 3079 559 3131 est
578 3072 656 3129 mole
679 3077 832 3128 crementa
851 3077 979 3143 artuum,

139 3158 171 3216 Is
194 3177 282 3215 ruere
305 3176 375 3217 sese
399 3165 501 3234 speret
515 3166 552 3215 net
574 3158 699 3217 minimo
721 3155 810 3212 malo.

139 3242 293 3318 Numqui
313 3242 427 3302 timoris
448 3250 477 3299 et
496 3243 622 3318 pudoris
645 3259 770 3316 compos
793 3246 850 3312 est,

140 3327 232 3386 Hunc
253 3346 344 3404 posse
365 3346 455 3403 spera
473 3327 618 3403 sospitem
640 3326 818 3385 consistere.

141 3411 203 3473 Sed
226 3414 278 3471 ubi
301 3412 424 3473 lieentia
446 3413 543 3471 omnis
564 3420 611 3470 est
629 3411 776 3469 iniuriae:

141 3499 229 3556 Tunc
250 3506 280 3556 et
301 3506 411 3556 statum
437 3497 520 3556 urbis
542 3497 702 3572 postmodo
721 3494 842 3568 tandem
863 3491 946 3550 illius

142 3582 242 3645 Cursu
262 3603 279 3640 e
302 3584 433 3642 secundo
454 3600 579 3660 pessum
600 3582 709 3641 iturum
733 3579 882 3641 existima.

790 3675 826 3735 21
