2502 4218
673 290 824 386 —150-

293 456 504 541 Χυδαιότερος
525 457 718 542 ὀχλαγωγίας
737 458 896 538 πυλαϊκῆς.

293 541 400 627 Χωρὶς
418 540 456 605 τὰ
478 538 595 605 Μυσῦιν
613 542 665 605 καλ
685 541 817 626 Φρυγῶν
841 539 1002 623 ὁρίσματα.

293 625 399 711 Χωρὶς
421 624 455 690 τό
476 623 504 689 τ’
527 626 623 689 εἰπεῖν
644 625 757 706 πολλὰ,
780 622 888 687 καὶτὰ
909 620 1022 704 καίρια.
1100 704 1103 709 θ

293 710 406 796 Ψυχῆς
427 709 578 794 νοσούσης
597 711 671 773 είσδν
696 709 801 856 ἰατροί
814 707 912 790 λόγοι.
1093 696 1102 713 ’

294 794 410 859 Ψωλδν
427 794 572 878 γενέσθαι
595 795 645 857 δεῖ
664 794 699 857 σλ
719 819 740 879 μ
758 816 810 879 χρι
831 790 986 876 μυβρίνου.

287 875 329 942 Ὦ
353 878 448 942 πλέον
467 878 558 947 ἵλαος
578 879 709 962 αἱμύλης
730 878 901 944 ἀλώπεκος.
964 954 967 958 Α

292 960 405 1027 Ὠδῖνα
420 963 511 1027 τίκτει
533 962 585 1034 νύξ
605 964 775 1050 κυβερνήτῃ
800 966 900 1047 σοφῷ.

289 1044 396 1111 Ὤδιν’
421 1046 439 1112 ό
460 1070 503 1125 ος,
523 1045 653 1132 κᾷπειτα
679 1051 735 1132 μῦν
756 1046 932 1110 ἀπέκτεκεν.

293 1128 386 1215 Ὠνὴν
406 1070 500 1200 τιθεὶς
521 1132 573 1195 καὶ
593 1136 715 1217 πρᾶσιν,
737 1129 906 1200 ὡς·ΦοῖνιΕ
928 1124 1014 1211 ἀνήρ.

289 1212 442 1300 Ὤρουσεν
468 1215 559 1285 ἵππος
581 1216 616 1279 ἐκ
638 1216 857 1303 βραδυσκελῦιν
881 1211 970 1277 όνων.
1226 1214 1227 1299 γ

291 1297 347 1367 Ὡς
369 1299 473 1383 ἀγαθὰ
493 1301 667 1387 συλλήβδην
691 1300 811 1363 ἅπαντά
831 1320 879 1362 σοι
898 1294 996 1382 φέρω.
1226 1308 1227 1323 ³

293 1381 349 1450 Ὡς
371 1382 488 1467 ἀγαθόν
513 1384 575 1447 ἐστ’
601 1385 777 1467 ἐπωνυμίας
797 1382 915 1451 πολλὰς
936 1379 1052 1528 φέρειν.

292 1465 349 1536 Ὣς
371 1464 434 1531 ἔστι
455 1489 508 1550 μοι
529 1469 563 1532 τδ
583 1473 691 1554 χρῆμα
712 1473 802 1532 τοῦτο
821 1468 892 1553 περὶ
911 1490 933 1528 π
954 1465 1004 1528 δα.

290 1550 348 1619 Ὣς
370 1551 509 1621 εὐκόλως
530 1553 688 1616 πίπτουσιν
713 1554 745 1615 αἱ
769 1551 907 1637 λαμπραὶ
926 1547 1026 1634 τύχαι.

292 1634 349 1705 Ὡς
369 1637 429 1720 ἡδύ
452 1636 505 1701 τὰν
526 1638 687 1701 θάλασσαν
709 1636 770 1702 ἀπὸ
793 1641 846 1705 τᾶς
865 1640 920 1719 γῦις
940 1636 1025 1717 δρῦν.
1046 1676 1049 1681 <

293 1718 349 1790 Ὣς
367 1722 427 1804 ἡδύ
451 1726 515 1791 τοῖς
536 1726 661 1807 σοφοῖσι
685 1721 860 1805 μεμνῆσθαι
880 1718 994 1783 πόνων.

289 1802 348 1873 Ὣς
366 1805 426 1889 ἡδύ
450 1828 497 1871 τοι
519 1805 661 1870 σωθέντα
685 1806 860 1915 μεμνῆσθαι
881 1802 994 1867 πόνων.

292 1886 349 1957 Ὣς
372 1892 449 1973 μήτε
470 1895 600 1974 κροῦσαι
622 1890 685 1973 μήθ
718 1891 793 1974 ύπὲρ
813 1892 921 1975 χεῖλος
942 1888 1057 1972 βαλεῖν.

293 1970 349 2041 Ὡς
371 1972 431 2059 οὐχ
449 1975 609 2058 ὑπάρχων,
634 1972 715 2037 ἀλλὰ
736 1974 974 2059 τιμωρούμενος.

287 2052 408 2141 Ὥσπερ
431 2057 469 2121 τὰ
492 2062 571 2122 σῦκα
594 2061 687 2121 τοῖσιν
713 2058 890 2143 ὀφθαλμοῖς
913 2055 983 2140 ἔφυ.

295 2140 470 2226 Ἀβυδηνὸν
490 2140 680 2227 ἐπιφόρημα.
702 2140 836 2206 Ναύσων
859 2140 1044 2224 Ναυκράτει.

293 2224 541 2310 Ἀγαμεμνόνεια
563 2226 692 2311 φρέατα.
715 2224 800 2296 Βοῦς
822 2227 872 2291 ἐπὶ
895 2226 996 2308 ζυγδν.

294 2307 559 2395 Ἀγαμεμνόνειον
584 2311 685 2375 δαῖτα.
704 2309 806 2380 Βόλος
823 2308 985 2396 Ἀχαϊκόν.

293 2393 415 2481 Ἀγορὰ
435 2394 573 2466 Λύκειος.
594 2394 734 2466 Καλλίας
750 2397 942 2481 πτερορρυεῖ.

294 2477 431 2564 Ἀγορᾶς
452 2479 586 2565 ἄγαλμα.
609 2479 691 2544 Θατό
712 2505 737 2543 ω
758 2480 978 2566 παραβλέπων.

291 2561 424 2646 Ἀγουσι
445 2567 497 2628 καὶ
544 2565 658 2648 έρουσι.
681 2503 849 2629 θόιότειον
871 2563 933 2633 οῦς.

294 2646 407 2717 Ἀδεὲς
427 2647 498 2718 δέος
519 2589 675 2717 δέδοικας.
694 2648 857 2734 Ἀργείους
880 2648 964 2733 δρᾷς.

294 2730 454 2798 Ἀδύνατα
476 2733 584 2818 θηρᾷς.
607 2730 661 2801 El<
683 2732 760 2818 ἀνὴρ
782 2734 885 2802 οὐδεὶς
907 2734 994 2816 ἀνήρ.

294 2812 365 2880 Ἀεὶ
387 2815 424 2880 τὰ
448 2815 610 2880 θετταλῶν
633 2815 753 2881 ἄπιστα.
775 2815 965 2882 Μυσπολεῖν.

293 2897 368 2965 Ἀεί
387 2896 431 2970 τις
454 2901 485 2965 ἐν
507 2898 666 2972 Κύδωνος.
689 2898 746 2965 Ἐν
764 2902 900 2966 σκύτεσιν
923 2903 1037 2968 όνοῦς.

295 2987 519 3070 Αίγυπτιάζεις.
541 2987 661 3073 Δοῦλος
683 2988 726 3049 ὢν
749 2984 847 3072 κόμην
868 2985 1000 3071 τρέφεις.

295 3070 463 3154 Αἰγύπτιος
484 3071 702 3157 πλινθοφόρος.
720 3070 907 3157 Ἀνθρωπος
930 3069 1044 3153 Θαλῆς.

295 3156 403 3224 Αἰδὼς
423 3154 455 3218 ἐν
477 3156 676 3240 ὀφθαλμοῖσι.
698 3152 819 3219 Βάττου
842 3157 972 3240 σίλφιον.

295 3237 432 3324 Αίνιγμα
452 3237 633 3304 Βοιώτειον.
654 3239 742 3323 Αὕτη
764 3241 835 3325 κυρί
856 3287 865 3304 .

295 3323 355 3393 Αἲξ
379 3325 432 3408 τὴν
457 3326 502 3406 μά,
523 3347 621 3409 αιραν.
646 3321 750 3386 Πάντα
771 3327 813 3410 μὴ
835 3324 950 3412 βούλου
970 3325 1101 3407 κρατεῖν.

295 3408 465 3492 Αἱροῦντες
485 3347 662 3493 (θρήμεσθα.
686 3407 826 3472 Φωκέων
847 3410 918 3494 ἀρά.

296 3491 434 3577 Αίσχρδν
457 3497 584 3576 σιωπηῖν.
605 3489 657 3556 Ἐν
680 3493 876 3578 παρενθήκης
898 3491 992 3577 λόγῳ.
