2532 4216
640 318 791 411 Α

303 484 453 563 Concepit
471 486 560 545 tereti
581 486 650 564 lege
671 486 770 545 soluta
790 486 918 563 pedum3

258 570 347 630 Vatis
371 579 401 629 et
419 571 564 631 Historici
585 572 684 629 fuerat
701 589 779 644 quae
802 571 922 648 singula
942 590 1085 649 magnum

301 656 459 733 Accipere,
481 658 530 717 hic
553 676 631 719 unus
655 656 790 732 praemia
812 656 914 714 iuncta
935 657 1022 714 feret.

297 825 344 884 15.
393 828 433 884 Io
456 825 624 884 Suetonium
644 825 681 883 ab
705 827 811 884 [cocco
835 825 1005 884 Coscoboao
1026 831 1144 887 editum.

259 910 384 987 Imperii
404 929 560 987 procerum
582 909 781 986 T[r]anquilli
802 911 924 971 condita
944 911 1031 970 libris

303 994 401 1054 Gesta
422 996 583 1055 vetustatis
606 996 769 1054 obsoluere
789 997 860 1055 situ.

261 1078 445 1139 Caesaribus
467 1079 597 1158 patriam
619 1080 743 1139 dederat
763 1100 931 1155 nomenque
951 1101 1109 1159 genusque

303 1165 518 1242 Tranquillus:
540 1165 638 1222 lucem
660 1165 790 1223 reddidit
808 1166 937 1226 Isaoius.

261 1250 397 1309 Tradere
418 1270 468 1308 res
489 1258 593 1329 gestas
617 1269 703 1322 aevo,
725 1271 787 1309 non
810 1251 916 1309 ultima
939 1251 1006 1310 laus
1030 1256 1095 1311 est:

304 1333 488 1394 Caesaribus
508 1335 606 1392 lucem
627 1335 764 1407 reddere,
787 1335 974 1396 Caesareum
996 1345 1052 1395 est.

388 1503 435 1562 16.
476 1506 514 1562 In
536 1505 720 1563 Macrobium
741 1507 786 1563 Io.
808 1508 898 1563 Icooii
919 1506 1055 1564 Pootooi.

260 1586 413 1647 Pristinus
436 1589 571 1665 auspicio
592 1589 726 1648 Pontani
747 1590 882 1649 redditus
906 1600 953 1648 est
973 1610 1054 1648 nune

301 1673 457 1733 Macrobio
479 1674 560 1732 cultu
583 1676 638 1733 sub
659 1675 773 1751 potiore
793 1675 883 1733 nitor.

261 1757 400 1818 Gaudete
421 1779 440 1818 o
462 1767 595 1818 veterum
619 1760 799 1836 scriptorum
821 1760 968 1837 naufraga
988 1761 1088 1834 turba,

305 1841 339 1903 si
361 1863 439 1919 quos
453 1845 602 1904 Macrobii
623 1845 714 1903 docta
731 1863 866 1921 papyrus
889 1845 990 1903 habet.

260 1927 351 1986 Hanc
373 1949 429 2005 per
445 1928 635 1987 Macrobium
658 1930 751 1986 vitam
776 1930 933 2006 spirabitie
957 1929 1041 2000 olim,

305 2013 392 2088 Quae
414 2032 469 2090 per
488 2014 662 2072 Pontanum
683 2013 803 2071 reddita
821 2014 975 2073 Macrobio
998 2022 1055 2072 est.

407 2183 455 2240 17.
499 2184 539 2239 In
560 2183 722 2241 Atriorum
744 2184 878 2241 Danielis
899 2185 1022 2242 Heinsii.

261 2265 476 2343 Melpomenae
495 2285 614 2325 sacrum
639 2267 712 2347 facit
733 2267 891 2327 Heinsius.
911 2288 965 2327 ore
987 2268 1100 2342 favete,

303 2350 385 2409 Dum
407 2352 503 2427 quatit
523 2353 694 2429 Aeschyleo
719 2354 838 2430 pulpita
860 2354 940 2429 picta
964 2354 1053 2430 pede.

262 2435 345 2496 Cede
366 2435 548 2512 Sophoolaei
569 2455 690 2496 carmen
711 2440 815 2516 regale
835 2438 989 2508 cothurni3

304 2519 411 2580 Cedite
431 2521 588 2598 Cecropiis
607 2524 715 2598 plausa
736 2526 855 2600 theatra
877 2523 990 2581 choris.

260 2606 414 2682 Principis
436 2607 488 2685 ille
512 2607 608 2665 vicem
635 2609 777 2681 subitam,
800 2609 995 2682 strictumque
1017 2606 1122 2666 dolose

303 2690 378 2748 Non
401 2699 580 2768 exspectato
602 2694 717 2751 fulmen
739 2695 777 2751 ab
799 2695 888 2752 hoste
912 2693 1004 2764 canit,

260 2777 300 2836 Et
319 2776 414 2834 fixum
431 2777 463 2834 in
485 2778 584 2853 patria
603 2779 673 2837 dum
693 2779 794 2855 figitur
811 2779 844 2836 in
862 2777 959 2851 Duce,
979 2776 1100 2836 vulnus.

302 2860 393 2919 Hanc
414 2862 468 2920 tibi
490 2862 574 2920 nulla
596 2864 661 2923 dies
685 2862 782 2934 tollet,
803 2863 901 2931 lbere,
920 2870 1033 2921 notum.

260 2945 656 3023 GrandiloquisqueHeinsi
669 2948 897 3022 numeris‚qoee
909 2948 1042 3005 dedecus
1053 2958 1115 3004 una
1130 2955 1177 3005 est

301 3034 387 3091 Mors
406 3032 472 3106 tibi,
491 3032 651 3093 Nassovio
674 3033 736 3090 vita
753 3033 899 3111 perennis
922 3032 987 3091 erit.

370 3203 417 3262 18¹.
459 3206 499 3261 Io
520 3204 664 3260 Baldoc'ni
686 3203 853 3261 Berlicomii
874 3202 1067 3259 Hierostc'cho.

261 3286 405 3347 Carmina
426 3287 587 3347 Berlicomi
610 3306 672 3345 non
693 3305 770 3343 vano
792 3286 905 3345 sublita
926 3287 1008 3357 fuco,

305 3371 366 3433 Sed
387 3380 514 3445 castum,
539 3380 569 3430 et
591 3389 684 3447 purae
704 3380 775 3430 sunt
795 3371 923 3431 Pietatis
944 3389 1033 3446 opus.

260 3457 334 3534 Ipse
356 3457 476 3533 quidem
496 3464 617 3534 poterat
639 3455 715 3516 votis
738 3455 904 3515 maioribus
924 3473 999 3514 usus

301 3542 374 3601 Alta
392 3543 537 3601 Maronea
557 3542 650 3615 verba
670 3561 779 3602 sonare
801 3540 887 3599 tuba:
