2502 4218
631 330 779 424 2²2-

249 491 271 557 Γ
276 497 349 576 ρηύς
372 493 603 578 ἀνακροτέουσα
625 496 722 558 πολύν
744 496 900 578 κονιορτδν
925 494 1046 577 ἐγείρει.

249 576 372 661 Δελφὸς
392 578 469 662 ἀνὴρ
492 578 642 662 στέφανον
656 580 710 663 μέν
727 577 821 664 ἔχων,
835 579 911 662 δίψη
931 577 963 641 δ’
976 578 1155 647 ἀπολωλώς.
1245 604 1246 655 3

249 661 354 730 Δείιδν
378 663 421 731 εἰς
441 661 598 747 ύπύδημα,
619 665 778 811 ἀριστερὸν
800 663 844 733 είς
863 661 1076 746 ποδόνιπτρον.

248 745 350 829 Δηρδν
373 749 545 832 βουλεύειν,
567 747 609 810 ἵν’
651 772 693 833 χῃ
714 749 766 811 καὶ
786 748 902 810 πολλδν
926 746 1063 830 ἄμεινον.

249 829 396 902 Δίίεσθαι
421 831 535 915 βιοτὴν,
554 834 664 917 ἀρετὴν
686 832 719 895 δ’
745 831 816 895 ὅταν
839 828 860 915 γ’,
886 832 952 915 βίος
968 828 1074 895 ένδον.

142 922 145 929 “
248 914 351 978 Δισσιδ
373 920 475 979 πτῶκε
501 918 623 981 διώκων
647 917 810 1001 ούδέτερον
833 917 1032 999 καταλήψεις.

248 999 330 1084 Δι’ψῃ
352 998 385 1062 δ’
408 1000 591 1080 ἐξώλλυντο,
614 1002 698 1084 ύδωρ
723 1001 748 1063 δ’
774 1002 918 1084 ὑπερεῖχε
938 1001 1069 1081 γενείου.

240 1083 318 1160 Δὸς,
336 1083 407 1148 δύτε
416 1090 474 1153 πᾶς
490 1088 506 1149 ὁ
522 1087 595 1170 βίος.
612 1087 689 1172 λαβὲ
704 1086 733 1148 δ’
745 1086 801 1149 ούκ
818 1086 867 1148 ἐπὶ
880 1086 984 1146 ναυσὶν
1002 1085 1155 1153 ἀκούσαις.

247 1167 308 1236 Δὸς
332 1174 449 1254 πτωχῷ
470 1169 572 1252 ἄρτον,
592 1171 644 1234 καί
665 1170 815 1233 κόνδυλον
840 1168 917 1254 ὄψον
942 1169 993 1231 ἐπ’
1021 1171 1116 1256 αὐτῷ.

248 1252 343 1336 Δῶρα
363 1253 457 1321 θεοὺς
478 1254 578 1317 πείθει
599 1256 650 1317 καὶ
673 1255 810 1322 αἰδοίους
853 1256 993 1334 ασιλῆας.

245 1334 301 1400 Ἐκ
321 1337 414 1399 πίθου
437 1338 556 1407 ἀντλεῖς
576 1342 680 1422 δῆλον.
703 1339 764 1421 ἐγὼ
779 1340 810 1401 δ’
828 1361 893 1422 εχω
908 1338 968 1422 ούχ
983 1338 1050 1405 ἄλις
1063 1338 1155 1408 ύξευς.

244 1417 298 1484 Ἐν
320 1421 378 1505 γὰρ
401 1422 560 1507 ἀμηχανίῃ
580 1425 631 1485 καὶ
651 1420 802 1506 Καρκίνος
825 1422 943 1506 ἔμμορε
962 1427 1061 1505 τιμῆς.

243 1501 296 1568 Ἔν
319 1506 354 1568 δέ
374 1506 552 1590 δικαιοσύνῃ
576 1508 749 1593 συλλήβδην
767 1507 840 1570 πᾶσ’
866 1507 958 1590 ἀρετή
979 1506 1065 1568 ’στίν.

241 1585 294 1652 Ἐν
319 1590 354 1652 δέ
376 1590 555 1674 διχοστασίῃ
579 1594 630 1654 καὶ
652 1594 809 1674 πάγκακος
832 1590 951 1674 ἔμμορε
969 1595 1067 1674 τιμῆς.

242 1671 294 1737 Ἐν
317 1675 353 1737 δέ
377 1675 590 1760 διχοστασίησι
610 1678 660 1739 καὶ
675 1676 883 1760 Ἀνδροκλέης
904 1677 1109 1759 πολεμαρχεῖ.

244 1754 296 1821 Ἐν
320 1759 356 1822 δέ
377 1759 475 1829 λίθοις
497 1762 662 1846 ἐμάχοντο,
686 1761 771 1823 λίθον
795 1761 827 1823 δ’
850 1761 907 1823 ούκ
926 1758 963 1843 ἧν
981 1759 1156 1821 ἀνελέσθαι.

241 1839 294 1906 Ἐν
319 1843 478 1906 σκυτέεσσι
505 1847 636 1930 φορούσ’
662 1843 814 1930 Ἐφεσήῖα
834 1846 999 1929 γράμματα
1020 1845 1112 1906 καλοί.

243 1924 416 2001 Ἐνστοίζειν
441 1928 516 2015 ἐρίῳ
533 1936 587 1993 τοῦ
611 1935 666 2013 (ην
686 1931 769 2013 ἕνεχ’
792 1931 897 2012 ὥσπερ
918 1928 1059 2012 ἄλευρον.

242 2009 387 2095 ἘΕάντης
411 2013 533 2076 λεύσσω
554 2014 668 2096 τούμδν
693 2016 786 2076 κακδν
812 2012 906 2077 ἄλλον
929 2012 1051 2098 ἔχοντα.

241 2092 408 2166 Ἐξώκειλε
430 2103 528 2160 κακοῦ
557 2099 653 2182 βουλὴ
677 2100 753 2181 πρὸς
777 2096 945 2182 ὑπέρτατον
967 2096 1051 2180 ἄτην.

240 2177 337 2263 Ἔργα
354 2179 444 2259 νέων,
469 2183 579 2267 βουλαὶ
600 2183 634 2246 δέ
659 2182 773 2265 μέσων,
796 2182 886 2267 εύχαὶ
908 2183 943 2245 δὲ
962 2181 1125 2265 γερόντων.

244 2260 377 2333 Ἐσθλδς
396 2266 456 2329 ἐὼν
481 2265 578 2330 ἄλλου
602 2268 680 2331 πολὺ
705 2267 878 2351 κρείττονος
900 2267 1113 2349 ἀντεκύρησεν.

244 2345 412 2433 Εὐδαίμων
441 2347 639 2436 ύΚύρινθος.
664 2353 725 2435 ἐγὼ
752 2347 782 2414 δ’
811 2350 875 2434 είην
899 2349 1060 2433 Τενεάτης.

244 2432 411 2517 Εὐδαίμων
436 2434 606 2519 ὥνθρωπος
632 2439 648 2499 ύ
671 2438 779 2520 μηδενὶ
801 2436 895 2521 μηδὲν
919 2437 1064 2521 ὀφειλων.

244 2517 410 2603 Εύσεβέων
433 2521 577 2582 παίδεσσι
597 2522 634 2584 τὰ
652 2525 742 2598 λώϊα,
767 2520 943 2605 δυσσεβέων
965 2520 995 2582 δ’
1018 2519 1065 2582 ού.

239 2601 282 2667 Ἣ
306 2603 341 2666 δέ
362 2605 440 2687 κακὴ
465 2606 562 2690 βουλὴ
590 2611 635 2691 τῷ
657 2606 859 2692 βουλεύσαντι
879 2605 1016 2688 κακίστη.

236 2685 281 2751 Ἢ
301 2688 342 2771 μὴ
367 2692 460 2771 φῦναι
478 2688 611 2772 ἄριστον,
633 2716 653 2772 η
680 2691 787 2753 αὐτίκα
811 2690 907 2774 φύντα
927 2691 1083 2773 τελευτᾷν.

234 2769 339 2855 Ἦμος
359 2771 442 2855 ύδωρ
463 2775 585 2859 πνίγῃσι
606 2777 758 2860 φάρυγγα,
778 2775 807 2837 τί
827 2775 876 2837 δεῖ
893 2771 936 2836 ἔτι
957 2774 1072 2851 πίνειν;

245 2855 366 2941 Θρέψαι
388 2859 448 2925 τὼς
473 2861 616 2934 λυκιδεῖς,
638 2860 754 2943 θρέψαι
776 2859 878 2934 κύνας,
909 2859 988 2921 ὥστε
1009 2860 1152 2941 φάγωντι.

239 2938 316 3004 Ἵσθι
340 2939 521 3007 Ποσειδάων
545 2944 640 3028 δρθᾶν
662 2944 715 3007 τάν
742 2949 820 3009 ναῦν,
839 2942 1031 3006 καταδύσων.

237 3022 422 3110 Ἱπποσύνην
447 3029 589 3091 δεδαῶτᾶ
612 3052 644 3090 σε
672 3029 713 3111 μὴ
736 3028 825 3111 θέμις
848 3028 925 3090 ἐστὶν
949 3028 1073 3090 ἀείδειν.

236 3104 337 3196 Ἵππιρ
358 3113 541 3194 γηράσκοντι
560 3112 597 3176 τά
621 3114 729 3195 μείονα
756 3111 847 3175 κύκλ’
871 3112 1029 3197 ἐπίβαλλε.

237 3191 393 3281 Ἱστοβοῆϊ
414 3197 533 3280 γέροντι
554 3197 625 3278 νέην
645 3198 813 3282 ποτίβαλλε
835 3199 984 3280 κορώνην.

242 3275 308 3343 Καί
327 3303 361 3344 κε
382 3283 457 3365 γυνὴ
484 3281 575 3366 φέροι
598 3280 706 3367 ἄχθος,
732 3282 801 3344 ἐπεί
820 3305 871 3350 κεν
896 3282 973 3364 ἀνὴρ
997 3281 1137 3345 ἀναθεί.

241 3359 304 3427 Καὶ
327 3367 477 3450 σφακελοὶ
497 3371 636 3428 ποιοῦσιν
657 3366 837 3450 Ἀθηναίοις
861 3364 1011 3428 ἀτέλειαν.

242 3443 460 3524 Καππάδοκες,
483 3445 595 3534 Κᾶρες,
617 3447 750 3528 Κίλικες,
780 3452 847 3535 τρία
869 3451 974 3513 κάππα
995 3452 1131 3514 κάκιστα.

242 3529 366 3601 Κάλλυς
387 3533 561 3597 ἐπιστολίου
585 3536 664 3599 πολὺ
687 3534 946 3620 συστατικώτερύν
969 3534 1041 3598 ἐστι.
