2586 4214
644 341 794 435 jie-

266 503 317 567 Se.
361 503 442 580 Quid
461 509 552 586 ergo?

266 588 317 650 Se.
359 590 456 650 Latus
478 593 643 653 occidentis
666 613 757 653 omne
782 595 1011 674 vestigavimus.

266 673 317 735 Se.
361 675 528 737 Habesne?

264 758 317 820 Se.
360 761 488 820 Multum
508 762 635 822 laboris:
654 764 729 822 nihil
751 765 826 823 mihi
847 765 928 824 ultra
949 785 986 825 se
1007 767 1126 825 obnuit.

266 844 317 906 Sc.
360 845 439 920 Nec,
456 847 577 924 uspiam
599 847 700 924 ipsam
723 849 800 909 eolis
823 850 960 911 Orientis
982 852 1109 931 plagam

259 931 374 992 Existit
393 933 473 991 ullus
495 934 552 991 rite
590 933 642 1009 qui
663 942 816 994 monstret
838 936 922 994 mihi.

578 1019 604 1076 1.
627 1018 767 1094 scropha.
779 1020 878 1079 XIII.

266 1098 322 1159 Cb.
368 1100 445 1176 Quis
467 1121 552 1180 ergo,
576 1104 643 1178 quis
666 1104 752 1177 mibi,

266 1183 341 1259 Quis
365 1186 517 1244 hominum
540 1187 681 1265 vigilibus

265 1271 345 1329 Mari
367 1271 501 1347 speculis
522 1272 645 1347 sedens,

266 1352 477 1432 Caelivagisve
495 1358 553 1416 viis

268 1437 379 1500 Selene
402 1459 480 1517 quse
498 1441 578 1514 Dea,

265 1523 495 1586 Fluminibnsve
516 1527 628 1585 faeten-

266 1610 366 1669 -sibus
388 1611 486 1669 ferum
506 1612 602 1671 virum
624 1611 695 1669 inde

267 1692 371 1755 Sicubi
391 1697 467 1755 vidit
488 1717 542 1774 pa·

266 1779 404 1854 ·lantem,
429 1783 481 1841 ubi
500 1791 558 1855 est,
579 1782 704 1841 nuntiet.

266 1863 367 1924 Grave
389 1866 481 1925 fuerit
503 1868 595 1939 enim,
619 1868 646 1927 ei
742 1938 745 1947 ,

179 1982 199 2004 ..
264 1949 343 2009 Post
361 1958 405 2009 tot
423 1951 546 2012 labores
570 1970 661 2028 vagos

265 2032 365 2093 Cursu
387 2055 450 2094 nun
473 2036 558 2112 potui
581 2037 714 2111 assequi.

265 2121 323 2178 Ast
340 2139 388 2178 me
412 2121 566 2179 hominem
586 2121 781 2194 imbecillem,
803 2121 855 2180 ubi
879 2128 926 2179 est
947 2141 1014 2180 non·
1033 2140 1168 2182 cernere.

265 2203 339 2263 Tec.
370 2204 441 2263 Heu
463 2225 522 2278 me,
545 2207 604 2265 heu
625 2210 689 2265 mel

266 2287 322 2348 ch.
365 2289 435 2349 Heu
457 2292 551 2368 quoia
573 2311 636 2351 vox
658 2292 733 2350 baec
745 2310 894 2368 proxume
912 2310 1069 2351 enemorc
1090 2292 1183 2351 exiit?

266 2374 340 2433 Tec.
367 2375 438 2435 Heu
460 2395 509 2435 me
532 2378 689 2436 miseraml
909 2431 913 2439 .

267 2459 322 2521 Ob.
368 2459 522 2538 Sponsam
542 2463 695 2522 misellam
715 2461 826 2520 bellica
848 2469 968 2538 captam
993 2481 1086 2520 mann

197 2542 250 2597 895
265 2545 365 2604 Video
388 2547 586 2608 Tecmessam
605 2548 731 2624 paribus
750 2547 874 2605 affinem
891 2546 990 2607 malis.

266 2629 340 2692 Tec.
368 2631 462 2705 Perii,
473 2634 583 2704 occidi3
597 2641 697 2691 actum
711 2642 771 2691 est:
784 2632 856 2704 vita,
870 2632 971 2704 amici,
985 2641 1093 2693 exacta
1106 2651 1181 2691 aum.

266 2713 322 2774 Ch.
367 2715 449 2791 Quid
462 2725 509 2777 est
518 2719 610 2778 novi?
630 2719 702 2776 Tea.
714 2718 796 2776 Alex
808 2717 901 2775 caede
913 2716 1071 2776 confectus
1090 2735 1181 2788 nova,

267 2801 351 2858 Iacet
372 2811 513 2861 cruentus
538 2822 612 2862 ense
630 2803 742 2862 furtivo
763 2802 921 2862 incubans.

606 2890 635 2946 ⁰2.
656 2887 786 2964 Stropbc
812 2886 845 2946 V.

268 2969 323 3031 Ob.
356 2971 404 3030 De
422 2972 521 3031 reditu
539 2982 639 3031 actum
661 2981 709 3032 est
722 2973 773 3037 mi.

265 3055 417 3116 Interficis
440 3057 532 3116 istum

266 3141 366 3199 Tuum
390 3142 537 3214 sodalem,
555 3143 689 3219 inquam,

266 3226 360 3298 Aiax,
381 3246 399 3284 ο
421 3227 524 3300 miser,

269 3311 297 3371 Ο
319 3312 414 3370 miser
434 3312 557 3371 femina.

216 3393 219 3399 ’
267 3395 340 3456 Tee.
368 3397 410 3457 Ut
429 3398 501 3475 ipsa
517 3416 566 3456 res
590 3407 637 3459 est
658 3408 741 3472 nata,
767 3419 846 3459 nunc
867 3419 989 3478 gemere
1013 3399 1151 3459 addecet

266 3480 322 3541 Cb.
367 3480 430 3542 Sed
448 3484 540 3557 quoia
562 3484 600 3541 ad
619 3484 697 3542 hanc
715 3504 779 3543 rem
795 3495 842 3546 est
855 3503 931 3545 usus
948 3485 1057 3545 infelix
1070 3485 1183 3544 manu?

267 3565 340 3624 Tea.
370 3565 434 3627 Sua
450 3567 519 3642 ipse
538 3569 655 3640 dextra,
670 3578 703 3629 ut
716 3590 767 3630 res
786 3571 884 3630 docet.
907 3571 989 3646 quod
1009 3579 1040 3631 et
1061 3571 1182 3645 quidem
