2502 4218
621 325 772 425 A

240 495 355 555 Rumor
371 496 409 554 cb
433 508 543 556 occasu
566 494 643 555 coeli
665 495 782 554 deletus
807 493 846 552 nd
865 502 976 568 ortum,

241 580 287 638 Te
310 579 428 639 nescire
450 587 568 654 velens,
590 580 671 638 clero
696 580 779 655 quod
798 578 906 657 Belgio
927 580 1049 655 plenctu

240 664 364 741 Nesciri
384 665 531 741 probibet,
554 684 611 725 nec
632 658 704 723 mox
722 666 847 739 Europe
867 664 978 723 silebit.

240 749 321 810 Num
345 750 438 808 veluti
456 750 558 828 magni
579 749 669 811 Titun
688 749 739 808 fex
759 749 879 826 publice
899 750 1004 808 mundi

240 833 314 894 Non
335 853 369 893 se
391 835 492 894 celari.
504 836 625 911 petitur,
648 835 774 909 visuque
794 834 895 893 notari

241 918 283 981 Se
306 919 404 994 docet,
426 920 553 979 infernis
577 919 626 979 vel
647 938 715 977 cum
730 938 795 978 suo
815 919 929 977 luminu
951 920 1040 978 terris

240 1004 390 1082 Explicat,
413 1005 551 1082 opposite
568 1005 618 1062 vol
638 1023 705 1063 cum
727 1012 819 1082 neget
837 1004 890 1061 illu
912 1022 1036 1063 sorore:

241 1088 293 1151 Sic
313 1090 365 1165 qui
386 1084 464 1149 lucet
475 1109 531 1149 sue
549 1108 691 1167 mugnum
712 1089 890 1166 complexus
913 1088 1079 1166 Olympum

240 1175 278 1234 In
296 1193 330 1234 so
352 1175 490 1233 mirantis
512 1174 596 1234 visus
620 1175 790 1249 advenerat
809 1174 904 1245 orbis,
1135 1206 1139 1213 ·

240 1259 407 1336 Lipsiedcn
426 1267 508 1317 tento
530 1259 665 1318 defectus
687 1259 754 1318 sole
774 1258 942 1335 requirunt,

241 1345 326 1419 Quos
346 1344 432 1402 vivus
451 1344 547 1403 nitido
568 1344 699 1419 perfudit
714 1344 829 1403 lumine
849 1351 968 1421 gentes,

241 1429 407 1503 Postquum
428 1428 488 1487 tole
508 1429 597 1488 iubcr
616 1429 746 1488 flammis
764 1428 885 1506 insigne
904 1429 1041 1487 coruscis

240 1513 396 1571 Irrediens
418 1521 552 1574 nostrum
577 1513 698 1589 seriptis
717 1513 886 1572 illustribus
902 1531 1010 1572 cerum
1086 1556 1089 1563 ·
1131 1513 1133 1517 ’

239 1598 390 1657 Maerenti
409 1599 523 1659 'mundo
542 1600 602 1657 nox
623 1598 783 1674 intercepit
805 1599 918 1657 obortu.

240 1681 311 1742 Non
333 1684 379 1742 sic
401 1685 530 1744 obscuro
550 1684 711 1743 confundit
732 1684 846 1743 lumine
868 1682 975 1760 vulgus

238 1769 422 1830 Incumbens
445 1770 578 1828 tenebris
601 1770 726 1829 excluso
744 1769 836 1828 Delio
853 1769 957 1839 fratrc,

239 1853 283 1913 Ut
303 1873 382 1913 nuuc
402 1855 518 1930 sopitus
542 1854 685 1913 decorum
707 1855 843 1913 studioso
864 1853 1016 1924 iuventus,

239 1938 280 1997 Et
298 1939 381 1997 velut
403 1939 497 1999 clatos
522 1937 554 1995 in
572 1939 672 2014 Lipsii
692 1939 798 1997 funere
819 1938 905 2015 luget

238 2023 358 2101 Ingenii
377 2041 461 2082 rarus
484 2023 601 2100 mugnis
625 2042 692 2081 cum
713 2023 835 2105 dotibus
853 2029 945 2082 ortes.
968 2074 972 2079 .

240 2106 303 2168 Sed
324 2126 379 2166 suc
403 2105 459 2167 Sol
481 2116 612 2182 reperet,
632 2116 753 2183 reperet
773 2107 934 2183 dispendio
954 2105 1098 2167 Phoebes

238 2192 330 2251 Illum
350 2199 414 2250 tute
434 2192 520 2267 quies
546 2193 688 2251 reducem
708 2213 770 2252 non
788 2200 908 2251 asseret
925 2190 1000 2250 orbi.

240 2275 314 2338 Sola
330 2277 388 2334 viri
408 2284 525 2336 tuntum
547 2296 610 2337 non
627 2297 689 2337 unc
710 2286 795 2354 purte
812 2285 966 2354 superstes

238 2361 323 2420 Vivit
344 2370 375 2419 et
390 2362 423 2421 iu
446 2363 566 2438 scriptis
588 2364 725 2423 absentis
747 2364 841 2439 spirat
860 2363 961 2439 imago

237 2448 427 2523 Expresscm
445 2448 582 2508 reterens
602 2448 745 2525 speciem,
767 2448 886 2523 vivique
905 2447 1046 2506 colorem.

238 2533 338 2606 thue
357 2540 476 2607 patrum
498 2533 615 2592 similes
638 2535 737 2595 vultus
759 2535 791 2593 iu
814 2533 900 2609 prole
921 2531 1074 2602 relucent;

240 2615 292 2678 Sic
316 2617 410 2675 enimi
428 2619 535 2678 niveos
559 2619 677 2678 effinxit
695 2620 806 2698 pagina
828 2636 937 2677 mores.

238 2700 320 2761 Num
343 2721 420 2777 quae
442 2720 549 2778 corpus
570 2704 653 2762 iners
673 2699 772 2764 bustis
797 2703 941 2762 foralibus
964 2701 1067 2773 infert„

239 2786 394 2846 Terrenus
418 2786 514 2846 oculis
534 2795 648 2846 tentum
669 2808 750 2849 mors
769 2788 884 2847 inridet
905 2795 998 2845 unus.

238 2874 281 2931 At
300 2891 371 2948 pars
392 2872 523 2931 nobilior
545 2874 623 2932 notis
649 2876 680 2934 in
702 2873 826 2933 soeculo
844 2871 927 2931 mille

237 2958 393 3017 Asseritur
414 2957 512 3031 libris,
533 2978 685 3035 parvaque
706 2961 739 3017 in
761 2958 893 3035 imagine
915 2956 997 3014 vivit.

239 3039 307 3114 Quo
329 3042 436 3120 magis,
460 3063 477 3101 ο
499 3043 598 3119 Lipsi‚
623 3045 682 3103 sibi
705 3052 734 3101 te
753 3063 816 3102 non
838 3043 941 3101 credet
959 3040 1111 3099 ademtunr

237 3126 419 3199 Posterius,
444 3147 512 3187 cum
532 3138 562 3187 te
584 3148 637 3205 per
658 3136 700 3186 tot
718 3128 906 3187 monimenta
924 3126 1088 3203 rigentem,

237 3211 358 3287 Perque
375 3219 421 3272 tot
439 3213 549 3288 eloquii
567 3213 668 3272 foetus
691 3214 807 3289 spirare
829 3212 951 3271 videbit.

238 3296 297 3370 Qui
315 3298 458 3373 quonium
479 3297 604 3370 multos,
632 3317 709 3373 quos
729 3299 942 3357 immoderatus
965 3294 1068 3372 adogit

237 3378 397 3442 Scribonii
418 3383 531 3454 fervor,
553 3381 710 3459 laudisque
734 3384 831 3442 effusa
854 3381 975 3458 cupido,

237 3467 361 3526 Viribus
381 3466 495 3543 ingenii
513 3484 650 3541 superes,
669 3487 825 3547 regnoque
841 3466 997 3542 loquundi,

236 3551 351 3611 Iccirco
371 3550 521 3626 quaedam
540 3553 681 3615 coelestis
704 3554 835 3632 pignore
857 3551 967 3615 mentis
