2502 4218
637 371 786 467 „ffl-

257 533 331 607 Non
351 535 514 608 oderimus,
536 556 599 597 nen
620 541 789 600 amabimus
813 542 920 600 bonos.

258 705 309 764 tt.
353 704 521 767 Commune
542 715 662 784 potuum
681 710 794 769 crimen
816 709 1005 788 indulgentia
1015 721 1080 784 est,
1136 714 1139 719 “

257 791 351 849 Vultu
371 798 517 868 paternae
539 794 673 853 caritatis
686 812 732 852 ,se
755 794 898 853 offerens.

259 873 351 936 Gnati
368 877 487 953 nepotis
504 898 567 937 non
589 895 729 938 coercere
747 880 890 959 impetus,

257 963 298 1020 Et
316 961 349 1019 in
370 962 487 1021 ruinam
507 965 738 1023 subministrare
761 964 874 1037 omnio,

258 1047 390 1107 Affabile
413 1048 516 1106 odium
537 1057 594 1121 est,
615 1056 647 1107 et
665 1058 773 1126 tepens
793 1048 972 1107 crudelitas.-

260 1217 310 1279 42.
355 1215 463 1276 Statim
488 1218 649 1295 obligatur.
671 1219 723 1293 qui
744 1218 818 1275 facit
840 1218 935 1296 digno
954 1218 1049 1278 bene?

259 1302 413 1379 Quidquid
433 1303 560 1360 merenti
576 1303 634 1361 das
654 1303 739 1376 mini,
763 1301 880 1379 imputo
902 1303 967 1362 tibi.

260 1471 310 1530 43.
352 1470 526 1531 Aedilitatis
550 1472 709 1548 expeditus
731 1472 844 1530 ambitu

257 1556 294 1615 In
313 1554 499 1615 Consulatus
519 1556 654 1615 fascibus
674 1564 778 1615 votum
798 1558 939 1634 impedis.

259 1642 389 1703 Omnem
410 1641 547 1719 relegisti
568 1641 672 1700 Idibus
695 1643 866 1718 pecuniam,

259 1727 391 1802 Quaeris
414 1724 558 1786 Calendis
580 1745 728 1803 occupare
749 1727 879 1786 foenori.

257 1813 306 1872 Ab
326 1813 388 1871 ictu
408 1813 519 1871 amoris
539 1811 633 1890 molle
655 1812 812 1872 declinans
833 1812 913 1870 latus
935 1838 938 1844 ·

259 1896 367 1957 Scorto
383 1897 538 1973 impudico
559 1905 641 1955 totus
660 1898 692 1954 in
714 1897 836 1974 plagam
857 1905 956 1974 pates.

259 1980 380 2041 Crimen
403 1982 527 2063 iugasti,
549 1981 642 2039 victor
662 1982 742 2039 ultro
763 2003 825 2041 non
848 1983 947 2041 times.

258 2066 414 2125 Instaurot
430 2083 501 2123 ecce
521 2066 669 2141 praelium
696 2067 867 2142 cupidinum
909 2100 910 2104 ,

258 2154 372 2211 Aestus
393 2150 557 2222 rebellans,
581 2160 613 2207 et
632 2152 754 2209 refectis
778 2148 900 2210 viribus*

258 2237 296 2295 In
318 2244 349 2294 te
369 2236 550 2312 impuratum
572 2237 662 2313 signa
682 2236 819 2295 'cominus
838 2244 950 2296 movet.

259 2319 333 2381 Non
353 2330 401 2380 sat
420 2322 576 2380 domatur:
599 2330 646 2380 est
664 2322 907 2398 triumphandum
931 2322 1042 2382 scelus.

247 2406 343 2467 ,Laus
364 2426 426 2465 una
448 2406 547 2483 subigi
569 2415 631 2477 est;
654 2406 751 2464 ultera
769 2408 886 2483 imponi
905 2408 1018 2485 idgum.

261 2491 308 2550 Te
327 2490 401 2550 vitia
423 2493 554 2563 vincent,
577 2501 643 2551 tota
666 2494 774 2551 sinon
797 2493 918 2550 viceris.

261 2660 311 2718 44.
356 2659 414 2733 Qui
434 2660 574 2737 gloriaris
598 2680 667 2720 csse
690 2661 827 2720 dominus
846 2662 966 2734 civium,

261 2742 382 2805 Servire
405 2745 501 2804 servis
525 2748 672 2820 quomodo
694 2755 785 2822 potes
807 2748 879 2819 tuis,

260 2827 320 2902 Qui
340 2837 386 2888 tct
407 2838 551 2906 tyrannos
575 2841 650 2908 quot
672 2832 820 2890 satellites
841 2832 957 2890 habes?

260 2911 383 2974 Servire
404 2917 501 2975 servis
524 2916 632 2973 dicitur
653 2916 801 2992 Princeps
825 2918 901 2988 suis,
976 2980 978 2985 ,
1008 2925 1010 2929 ’

260 2998 346 3072 Quod
365 3019 456 3078 agone
474 3021 530 3078 per
553 3018 588 3060 se
609 3001 713 3059 debuit
731 3020 786 3076 per
805 3003 860 3061 hos
883 3018 989 3079 agens,
1036 3008 1039 3015 '

259 3083 320 3143 Per
339 3086 397 3145 hos
417 3086 527 3144 vicarie
550 3087 688 3158 audiens,
711 3105 768 3162 per
790 3087 848 3146 hos
870 3087 1008 3162 loquens.
1053 3098 1079 3125 '¹

258 3170 457 3230 Auctoritatis
481 3190 586 3230 servus
607 3171 795 3243 immodicae,
816 3181 889 3230 nota
910 3179 967 3243 cst,

259 3256 478 3315 Auctoritatem
500 3275 559 3313 non
580 3255 720 3314 habentis
743 3256 907 3333 Principia.

260 3425 312 3484 45.
355 3429 448 3486 Amor
466 3426 683 3500 obsequentum
708 3436 739 3484 et
760 3426 941 3502 imperantis
962 3426 1095 3503 dignitas

259 3509 360 3587 Regni
379 3510 512 3586 potentis
531 3509 630 3585 prima
655 3519 727 3569 sunt
744 3512 920 3569 munimina.
1006 3526 1010 3535 “
1038 3543 1040 3547 >

262 3591 430 3654 Severitate
453 3595 564 3654 curius
584 3593 740 3669 amittitur,

1029 3645 1037 3677 l
